2866 5008
614 233 831 304 ...w-a

155 419 209 479 tnr
227 409 391 494 mundabat,
411 429 430 476 a
444 408 593 476 creditore
607 409 636 475 in
649 409 789 496 judicium
803 409 888 476 nitate
903 407 1084 488 md'rcie'litu
1104 409 1183 478 intas
1201 429 1295 496 pree-

150 506 260 566 ,ssnles
280 505 373 562 desim
400 499 574 582 plerumque
602 496 822 561 adhibebantur.
867 497 903 562 lii
925 498 1083 562 verisimile
1112 505 1178 581 cst,
1207 500 1294 564 sicud

155 591 261 667 posted
289 585 327 648 in·
341 585 504 664 rationibus
535 584 770 665 argentariorum
796 583 873 667 juris
894 590 974 658 erm,
1001 585 1094 648 iiain
1123 585 1294 651 domesticis

156 671 224 734 olim
247 671 324 734 inter
346 670 553 734 contrahentes
575 669 674 733 literas
696 675 875 750 permutatas
895 687 978 748 esse,
1001 671 1107 748 qubus
1129 689 1294 752 expensum

148 756 245 820 laium
267 773 336 820 esse
358 762 553 838 acceptumve
566 755 688 820 relatum
704 755 933 830 condimentum
955 757 1024 821 liern
1045 757 1294 822 mutunmfaissa

152 840 339 908 edendarum
356 841 505 906 literarum
521 840 664 919 cilicium,
686 842 712 904 si
728 858 801 903 casu
816 842 945 921 quodam
960 841 1058 906 codex
1073 849 1122 905 aut
1137 851 1294 925 corruptus

149 934 237 992 esset
257 935 307 991 aui
328 927 487 992 interiisset
509 933 558 990 aut
580 928 706 990 amissus
722 932 824 1002 essem
849 945 904 992 eas
926 927 1053 1009 denique
1075 929 1194 1008 literas,
1224 931 1295 1010 quia

148 1013 194 1078 :ad
216 1013 576 1080 similitudinemrationis
599 1013 685 1093 plane
710 1029 873 1093 expressae
896 1022 1009 1092 essent,
1034 1013 1169 1096 ,adjecto
1192 1011 1242 1077 die
1264 1021 1294 1078 et

154 1098 296 1164 consule“
318 1099 383 1162 freni
399 1098 545 1177 debuisse,
567 1105 608 1178 ei,
630 1115 699 1162 essa
718 1113 895 1162 consensum
910 1099 988 1164 inter
1002 1107 1112 1180 partes,
1134 1099 1293 1182 injudicio

211 1192 259 1250 tea
300 1185 433 1250 rotasse.
765 1221 769 1226 .
872 1208 876 1218 ·
1302 1221 1304 1226 =

145 1201 209 1319 Ῥω
239 1201 345 1336 ileprite
360 1278 456 1334 tamen
472 1268 669 1334 Bernhardrus
683 1270 712 1332 in
726 1270 1021 1348 ,Restituticnslelrre
1035 1286 1063 1357 p:
1076 1271 1141 1336 294
1155 1278 1216 1336 uret.
1226 1259 1307 1336 2u“'

146 1375 173 1420 a
194 1349 389 1438 Meyerfcldio
411 1373 439 1437 p.
461 1354 522 1418 172
545 1363 606 1418 not.
629 1373 648 1420 e
671 1356 690 1418 i.
712 1355 733 1418 l.
759 1357 951 1438 vituperatur,
972 1359 1052 1437 quod
1075 1357 1292 1424 condictionem

152 1443 230 1506 cerii
254 1457 314 1521 ,ex
335 1441 459 1520 mutuo“
484 1441 718 1522 expensilaticne
741 1444 820 1512 nasci
843 1442 929 1508 dieat.
963 1443 1103 1516 Quamuis
1123 1445 1201 1509 enim
1222 1462 1293 1508 neu·

153 1535 236 1593 tuum
259 1535 373 1592 remota
394 1527 545 1592 literarum
574 1527 761 1609 obligationis
790 1545 879 1593 causa
902 1529 955 1594 sit:
985 1529 1010 1591 si
1031 1545 1136 1592 cetum
1158 1537 1293 1596 mutuum

153 1615 325 1691 antecessit,
345 1614 437 1679 mutui
451 1611 598 1678 condictio
614 1615 763 1694 competit,
785 1613 803 1676 i.
819 1633 847 1676 e.
868 1631 910 1678 ex
931 1616 1056 1678 arcario
1071 1619 1199 1682 nemne-
1232 1615 1293 1686 sed

154 1700 409 1779 incrucripiicicnt
444 1699 579 1781 profecto
610 1717 718 1762 nomeu
755 1707 907 1780 aspectum
935 1707 1046 1764 tantum
1076 1708 1105 1764 ei
1132 1703 1293 1783 mopiam

153 1785 247 1850 mutui
268 1785 400 1866 praebet,
421 1803 513 1864 quum
535 1784 647 1848 credita
669 1787 796 1867 pecunie
816 1787 861 1856 sit¹
879 1786 1002 1866 ,quasi“
1027 1795 1177 1852 numerale
1206 1794 1292 1852 esset,

152 1871 200 1936 Ex
220 1889 283 1952 quo
301 1871 390 1954 igitur
410 1871 507 1953 eapite
529 1869 710 1949 condicatur,
732 1887 772 1934 ex
789 1875 868 1954 justa
889 1890 979 1938 causa
993 1872 1158 1946 ¹diversum
1174 1881 1229 1944 est.
1251 1911 1253 1918 ν

236 2067 278 2128 u.
295 2053 342 2120 el.
384 2062 428 2120 De
444 2061 551 2156 'mimis
574 2077 677 2134 eorum,
699 2065 748 2137 ptri
768 2076 825 2121 non
843 2073 941 2138 portes
962 2067 994 2122 a'n
1008 2066 1120 2136 nodedu
1139 2068 1203 2126 sint.
1237 2095 1239 2098 ·

237 2213 316 2276 Fieri
336 2219 463 2296 poterat,
485 2221 517 2279 ut
536 2214 664 2284 aliorum,
681 2215 770 2278 etiam
793 2215 910 2281 tabulae
932 2223 1117 2282 contanciam
1139 2219 1291 2306 negotium

150 2299 331 2382 prebmcnt,
353 2299 443 2378 veluti
465 2301 648 2378 institorum,
675 2301 800 2370 filiorum
823 2301 946 2366 familias
972 2321 1187 2386 serverumve,
1216 2324 1291 2388 quas

152 2385 244 2466 patris
274 2385 415 2463 familias,
444 2388 777 2469 conpositionem
799 2388 943 2469 gerebant
950 2407 960 2464 ς
982 2390 1052 2454 item
1071 2408 1244 2456 cumeorum
1263 2399 1296 2456 et

152 2471 318 2546 socierum3
341 2471 469 2552 denique
493 2491 606 2552 corum,
628 2475 679 2553 qui
695 2473 793 2556 alique
814 2473 903 2538 mede
926 2476 1052 2559 negotia
1067 2483 1220 2542 contrecto
1241 2479 1293 2542 in-

146 2562 361 2624 tercesserant.
406 2556 438 2618 ln
460 2558 563 2622 tabulis
593 2560 682 2640 igitur
709 2567 741 2622 et
769 2561 798 2622 in
828 2560 953 2624 testibus
982 2562 1078 2628 omnis
1107 2564 1292 2644 exspectatio

147 2640 279 2724 judicum
291 2641 384 2721 posita
396 2647 474 2704 erat:
497 2641 556 2704 Cic.
570 2644 598 2705 in
617 2643 733 2721 Vernl,
758 2644 807 2722 10,
819 2641 870 2714 tt.
896 2648 946 2724 ,Si
959 2647 1063 2714 tabulis
1086 2656 1116 2710 et
1135 2649 1294 2730 testibus“,

152 2726 258 2789 Cicero
287 2725 447 2805 exclamat,
480 2727 572 2807 ,fides
595 2747 654 2792 non
677 2729 818 2808 habetur,
848 2731 917 2811 quid
940 2733 1028 2814 igitur
1051 2734 1080 2805 in
1097 2734 1216 2814 judiciis
1237 2753 1294 2798 se-

151 2810 357 2894 queremur“‘i
401 2813 506 2888 llerito
529 2815 619 2896 igitur
640 2813 914 2904 falseaccusatupr
944 2835 1012 2884 eum
1032 2821 1166 2901 putabat,
1189 2827 1295 2887 contra

151 2915 240 2977 quem
262 2915 301 2958 oe
322 2898 455 2980 singulae
470 2897 588 2980 quidem
604 2900 731 2980 tabulae,
754 2899 884 2967 neonus
901 2902 1019 2985 quidem
1037 2904 1119 2968 testis
1134 2905 1294 2987 preferre-

141 2988 213 3058 ,tuc3
244 2983 369 3054 aramme
390 2985 420 3046 in
442 3003 495 3063 re,
524 2987 730 3067 quaetabulis
756 2988 859 3056 inferri
890 2989 1013 3057 deberet
1034 2999 1066 3055 et
1087 3008 1147 3056 non
1169 2999 1292 3058 secreto

139 3068 216 3135 -iieri
237 3068 361 3132 soleret:
385 3069 445 3133 Cio.
468 3088 523 3151 pro
544 3073 669 3154 Foniejo
695 3073 723 3151 i,
745 3073 793 3140 2.,
892 3139 895 3142 Α
997 3141 999 3144 ,
1092 3129 1094 3138 ,

139 3203 141 3208 .
237 3155 304 3228 Quo
325 3155 423 3234 fiebat,
444 3162 478 3219 ut
492 3157 520 3218 in
533 3158 659 3238 publicis
669 3159 907 3240 quaesticulus,
932 3163 1004 3242 quia
1024 3163 1154 3228 crimina
1170 3164 1291 3228 testium

149 3240 255 3305 oculos
276 3240 403 3322 lugiunt,
427 3242 594 3312 tabensium
611 3245 866 3328 frequentissimus
888 3265 962 3312 usus
986 3257 1076 3314 esset.
1111 3251 1187 3314 lnira
1209 3258 1292 3316 tem-

146 3343 204 3406 pus
226 3325 316 3406 igitur
338 3327 504 3407 inquirendi
525 3345 614 3394 causa
642 3333 813 3394 accusatori
835 3334 1010 3412 permissum
1033 3335 1187 3420 inlocum
1202 3353 1292 3406 com·-

139 3410 231 3496 missi
253 3410 381 3482 criminis
403 3413 451 3478 nte
472 3431 507 3476 se
530 3414 705 3479 conferebat
726 3424 755 3480 et
778 3418 917 3496 omniurn,
939 3438 1016 3501 quos
1038 3429 1088 3500 aut
1105 3423 1162 3503 ipsi
1177 3423 1292 3488 crimini

149 3492 399 3558 interfuissent
429 3498 551 3562 fructus.
564 3501 681 3580 cepisse
711 3508 760 3566 aut
791 3505 945 3584 pecunias
961 3507 1210 3573 extraordinarias
1239 3508 1292 3584 uel

147 3579 340 3659 acquisivisse
362 3581 410 3642 vel
429 3582 546 3646 dedisse
561 3587 773 3669 suspicaretur,
796 3587 915 3654 cedices
930 3593 1127 3671 perquirebat.
1161 3593 1291 3660 Primum

122 3665 240 3748 'igitur
261 3665 392 3728 rationes
414 3669 624 3745 cornioletum
646 3673 779 3738 inventes
801 3683 905 3754 postca
927 3675 1092 3757 neocaesari
1107 3680 1288 3760 edomando

146 3750 300 3819 criminum
322 3750 463 3834 vestigia3
485 3769 562 3832 quae
585 3756 634 3818 ubi
657 3759 780 3838 reperit,
799 3761 895 3823 statim
918 3761 982 3826 illes
1004 3763 1202 3848 obsipcclrct:
1225 3765 1289 3830 Cic.

146 3836 178 3899 in
199 3836 285 3900 ilem.
307 3834 341 3914 ll,
362 3834 416 3916 Ὶ711,
440 3835 511 3900 182.
555 3837 621 3930 Sed
645 3859 684 3904 ne
712 3845 844 3926 abipso
875 3847 990 3913 tabulae
1020 3847 1290 3932 facile-corrumpi

147 3927 290 4001 possent,
320 3918 389 4004 lege
412 3925 562 4003 provisum
585 3932 648 4005 est,
661 3991 664 4004 ,
677 3934 709 3992 ut
731 3929 830 3994 triduo
852 3930 889 3996 ad
909 3941 1078 4015 praetorem
1097 3936 1290 4011 deferrentur

146 4012 179 4084 et
196 4003 329 4088 judicum
350 4007 444 4090 signis
464 4011 698 4092 obsignaraniur.
732 4014 814 4088 Ouiae
836 4019 905 4097 quia
921 4020 1076 4085 tricesimo
1089 4020 1216 4100 'demum
1238 4021 1289 4085 die

146 4089 226 4168 apud
249 4091 309 4156 dic.
322 4109 387 4172 pre
408 4093 515 4168 flacco
537 4097 567 4175 9,
590 4098 629 4160 21
655 4097 842 4167 deferuntur:
865 4106 970 4180 rnerite¹
985 4105 1107 4186 dicero,
1128 4107 1179 4170 toli
1196 4106 1287 4174 modo

143 4171 380 4250 delatistabolls
401 4177 556 4258 micenam
585 4183 703 4263 probari
733 4205 825 4268 posse
848 4197 947 4273 negat.
961 4237 970 4268 „
990 4191 1214 4266 Publicanorem
1237 4200 1288 4257 ta-

146 4257 362 4328 neomeniae
389 4261 523 4360 Romam*
542 4283 602 4342 non
631 4266 879 4370 deportabantur,
910 4276 964 4342 scd
985 4276 1054 4362 lege
1077 4279 1195 4362 inipso
1217 4277 1285 4358 loco
