2866 5008
635 239 847 310 ..pp-

175 413 270 485 iuisre
292 423 416 498 cerret,
439 433 481 483 co
501 414 619 500 pertici,
640 421 688 496 ut,
716 415 796 498 quod
819 433 858 484 er
879 415 935 484 utin
956 431 1046 484 cuasa
1068 413 1137 482 nihi
1157 413 1316 499 debeatur,

176 522 265 588 quum
288 502 364 570 iiber
387 501 604 586 ,solutionum“
629 501 809 570 domesticus
832 502 929 570 codex
950 504 1004 581 sit,
1038 504 1123 588 qnasi
1146 510 1313 586 accepturo,

176 591 195 656 i.
217 609 245 654 e.
267 590 406 670 solutum,
428 589 639 671 perscribatur,
661 588 740 652 idem
756 588 862 652 deinde
877 591 906 652 in
921 591 1056 678 paginam
1079 591 1204 674 expensi
1226 593 1311 672 quasi

174 675 272 746 denuo
295 676 419 741 debitori
442 674 578 746 traditum
601 676 827 742 transcribatur:
851 695 888 740 eo
911 675 1071 756 reintiitur,
1099 675 1178 756 quod
1203 676 1312 757 ,solu-

174 761 303 828 tionem“
334 763 440 828 librum
470 759 603 828 codicem
633 762 753 826 mininie
782 761 875 828 tuisse
911 761 1044 828 vidimus.
1096 761 1313 830 Wunderiicbii

173 847 321 914 sententia
342 847 416 914 brec
436 855 496 914 est:
525 848 762 928 ,transcribitur
784 849 872 930 pansi
884 854 970 914 vetus
987 848 1125 931 obligatio
1141 850 1170 914 in
1186 867 1311 913 novam:

175 941 304 1000 ructatur
325 936 403 999 enirn
426 935 584 1000 novatione
605 935 654 1004 iila
677 952 765 1000 nuso
789 933 915 1002 debendi
945 934 1125 1006 debitorisue
1147 936 1308 1018 persona.“

175 1019 235 1088 tet
257 1028 315 1086 tora
345 1022 504 1102 improprio
531 1028 651 1088 ueteres
678 1019 827 1093 Romanos
857 1039 932 1084 voce
964 1022 1202 1102 ,transcriberc“
1235 1040 1310 1090 usos

175 1124 255 1184 esse,
276 1125 335 1174 nou
357 1107 516 1188 verisimile
537 1114 592 1174 est·

258 1193 332 1259 Puto
362 1212 402 1259 ex
433 1213 500 1260 anea
529 1193 677 1259 senentis
706 1211 769 1258 rena
799 1210 890 1276 posse
921 1194 1071 1277 explicari.
1122 1193 1190 1262 Diui
1220 1194 1309 1278 enim,

172 1281 419 1362 nausenpticiom
442 1300 463 1344 a
481 1298 516 1342 re
537 1281 568 1342 in
589 1297 748 1362 personata
770 1298 808 1347 eo
830 1279 896 1346 ueri
917 1298 1036 1361 nonen,
1058 1283 1090 1348 ut

259 1367 279 1432 1.
302 1367 426 1450 primurn
448 1374 602 1448 acceptum
624 1365 770 1430 referatur
791 1367 872 1450 prius
895 1365 1024 1434 debitum
1047 1401 1090 1412 -

259 1452 293 1521 ΙΙ.
316 1452 424 1517 deinde
445 1451 616 1520 tantundem
638 1471 803 1536 expensum
825 1451 948 1530 feratur,
970 1463 1000 1518 et
1019 1452 1116 1522 suilla
1134 1471 1224 1520 muse
1241 1473 1310 1524 ora-

173 1557 245 1608 uere
267 1538 459 1626 adscribatur.

259 1627 474 1694 'transcribitur
496 1627 564 1690 item
586 1645 604 1690 a
621 1643 754 1710 ,persona
771 1627 801 1692 in
816 1643 973 1712 persenam
988 1625 1112 1709 primum
1127 1627 1241 1712 accepti
1252 1647 1310 1694 re-

174 1712 296 1865 ictionltir,
317 1722 378 1782 turn
402 1711 456 1776 bac
477 1712 731 1795 expensitutiona,
760 1713 815 1780 sed
838 1713 911 1778 baec
933 1715 962 1779 ia
984 1715 1058 1778 noni
1083 1712 1226 1786 debitoris
1249 1733 1310 1786 uo-

172 1819 240 1866 rnsa
284 1807 303 1862 t.

259 1885 290 1948 in
313 1885 432 1952 arcariis
455 1885 542 1952 ctiam
565 1887 729 1954 nominibus
754 1886 850 1966 ,uitro
873 1885 1026 1970 citroque“
1051 1887 1206 1968 scribitur,
1237 1889 1255 1951 i.
1279 1905 1308 1952 e.

176 1973 226 2041 ubi
248 1971 379 2046 redditur
402 1973 480 2054 quod
510 1980 612 2040 mutue
640 1971 706 2040 dedi
736 1981 891 2056 acceptum
920 1973 1112 2040 referendum
1135 1965 1198 2054 est,
1225 1973 1309 2056 wquod

108 2103 111 2108 -
175 2077 335 2140 expensum
358 2065 443 2124 antea
466 2060 606 2136 tuleram3
629 2059 734 2123 sedin
758 2061 915 2136 novatione
930 2060 976 2123 iila
990 2059 1068 2142 quod
1083 2067 1238 2150 accepturu
1253 2079 1309 2124 re-

173 2145 240 2214 sero
262 2147 292 2211 in
315 2164 477 2226 expensam
500 2147 615 2212 simul
637 2147 817 2222 transcrib0;
840 2143 908 2211 ideo
921 2148 1176 2228 transnpuctwn
1198 2164 1308 2213 nomen

172 2232 346 2314 repeilatur,
369 2233 448 2311 quod
472 2251 531 2297 non
553 2233 701 2299 sotutinne
724 2229 851 2298 debiturn
875 2233 1021 2315 extinguit
1043 2251 1075 2310 r,
1104 2233 1159 2300 sed
1181 2234 1228 2300 itte
1249 2253 1308 2295 uc-

173 2319 251 2399 eeptt'
271 2319 436 2394 samsona
467 2338 524 2386 nco
553 2319 700 2386 solatione
730 2337 839 2384 novum
871 2337 910 2382 ex
938 2319 987 2383 ilio
1018 2252 1144 2386 debitum
1174 2319 1307 2404 prodeat,

172 2406 226 2472 sed
249 2406 496 2486 repensitautionc.
542 2405 573 2474 ln
595 2406 709 2472 arcario
739 2406 827 2486 igitur
855 2407 973 2468 nomine
996 2406 1199 2493 transcriptis,
1229 2425 1307 2488 quae
1414 2461 1415 2491 ,

172 2511 190 2560 tt
211 2491 360 2556 creditore
382 2494 410 2554 in
433 2499 602 2574 occeptum,
629 2510 649 2554 a
672 2491 858 2556 debitorein
881 2509 1045 2574 expensura
1065 2491 1115 2569 sn,
1144 2511 1205 2558 uon
1227 2511 1305 2558 con-

173 2585 297 2643 tractum
319 2579 490 2658 perfectum,
513 2577 566 2642 sed
590 2576 775 2659 adinpletum
797 2584 828 2640 et
849 2578 1151 2658 sotntuursipniiica15
1175 2580 1204 2640 in
1220 2586 1305 2642 tren-

173 2665 321 2745 scripticio
343 2683 415 2730 vcro
437 2668 503 2747 ipsu
524 2666 749 2746 transcriptione
770 2665 964 2730 contrabitur.
1008 2664 1092 2732 Unde
1107 2663 1177 2752 iliud
1200 2668 1304 2732 merito

171 2752 317 2817 arcarium
340 2749 494 2827 rocdumr
525 2769 591 2816 narn
620 2749 701 2832 quod
730 2751 870 2830 solvitur,
899 2752 930 2813 in
951 2752 1067 2818 ratione
1097 2769 1166 2819 esse
1190 2752 1304 2830 desinit,

172 2856 260 2918 quum
282 2838 451 2908 tantundem
474 2855 638 2918 expensura
661 2845 749 2920 etque
771 2845 923 2923 acceptum
945 2841 1002 2913 sit3
1023 2855 1062 2900 ex
1076 2839 1190 2904 ratione
1206 2839 1235 2902 in
1249 2856 1303 2902 ar-

168 2942 233 2988 canr
254 2927 365 2992 transit.
397 2925 496 2998 Quen
518 2929 601 2986 recto
623 2922 733 2988 dictum
755 2925 784 2988 in
806 2924 935 2992 sontibus
959 2930 1073 2992 exstet:
1097 2924 1195 3008 ,uude
1215 2923 1304 2994 solu-

171 3012 250 3080 tione
272 3013 414 3082 rationem
438 3027 497 3072 non
519 3009 635 3094 incipi.“
