2866 5008
579 290 622 334 ...·
665 241 793 351 25⁵.-

122 466 205 538 Quae
228 464 306 526 euim
326 461 399 526 sides
430 461 608 527 adversariis
628 453 784 546 babetur?
830 459 914 539 Quae
943 457 1017 524 [ides
1046 459 1103 523 civi
1131 465 1162 523 et
1189 459 1257 524 eius

122 551 311 633 petitionibus
334 548 476 624 habenda,
501 549 600 629 quiin
619 547 731 631 judicio
753 544 977 630 petereaudet,
999 547 1078 627 quod
1100 547 1181 608 rie-in
1200 565 1257 609 co·
1335 617 1339 625 ,

122 638 217 700 dicem
240 634 356 715 quidem
381 635 542 697 transferre
566 633 738 696 ausus'sitt
781 634 861 695 Haec
890 633 981 716 igitur
1011 633 1132 696 Cicero:
1165 631 1258 712 ,Sunt

122 723 182 786 duo
205 740 323 802 mensus
341 723 421 803 jam,
452 718 542 782 dices.
569 721 742 792 -WTumen
764 718 949 781 bucolicen
972 725 1123 800 aoocptmu
1146 723 1180 786 et,
1198 739 1257 781 ex·

120 824 242 889 pensum
265 809 370 870 referri
394 805 523 869 debuit.“
568 805 774 869 Dilliculta-tem
796 805 868 868 hacc
891 805 1036 892 scriptura
1058 811 1167 882 movet,
1188 806 1256 885 quia

122 895 203 977 quod
226 901 380 972 acceptum
403 902 433 956 et
457 911 618 974 expensum
641 893 748 955 eodem
770 892 873 954 codice
896 898 959 968 est,
987 891 1115 953 solutam
1141 890 1256 960 videtur

128 999 196 1044 esse
209 988 249 1042 'et
272 983 407 1042 eetiucto
428 980 577 1060 obligatio.
623 980 705 1052 Quae
727 983 759 1040 ut
781 977 914 1056 tollatur,
937 977 1079 1041 Schelleri
1097 978 1256 1056 sententia,

123 1074 295 1148 ,acceptum
316 1075 347 1128 et
369 1063 551 1148 'expensum‘
575 1083 630 1146 pro
662 1071 868 1144 ,acceptorum
898 1071 954 1126 etc.
978 1059 1149 1144 [acceptum
1177 1060 1253 1144 etc.)
1286 1077 1287 1080 ’

122 1161 276 1235 poetarum
299 1153 415 1216 lieentia
443 1169 510 1215 esse
533 1151 638 1214 dictum
663 1151 864 1226 existimantis,
887 1150 1014 1212 maxime
1036 1148 1255 1230 comprobanda

121 1257 190 1302 esse
214 1241 281 1301 mibi
303 1239 461 1316 videretur,
485 1239 539 1324 uisi
564 1243 733 1300 constanter
747 1235 1016 1300 Cicerode'codice
1030 1237 1165 1316 ,accepti
1176 1235 1252 1298 etc.“

121 1323 238 1406 semper
268 1325 452 1406 loqueretur:
503 1325 642 1404 Reliquus
672 1324 928 1404 interpretationes
945 1321 1020 1386 'nou
1051 1321 1255 1400 moror,·setl

119 1411 300 1492 generaliter
322 1412 401 1491 loqui
424 1409 596 1473 Ciceronem
618 1411 759 1472 arbitror:
784 1411 899 1490 ,Quum
919 1415 1086 1492 menstruos
1108 1407 1255 1470 conficere

120 1499 248 1560 rationes
272 1497 355 1560 ciuile
379 1496 503 1559 officinm
527 1505 618 1574 esset,
641 1504 697 1558 tutu
713 1505 867 1576 acceptum
882 1497 1147 1577 quam'expeusum
1170 1513 1256 1556 omne

120 1603 159 1646 ex
181 1585 229 1649 illo
252 1601 373 1658 mense,
406 1602 445 1644 ex
467 1583 538 1664 quo‘
556 1583 657 1644 deberi
687 1583 742 1644 sibi
765 1590 807 1644 tot
836 1583 962 1645 Fannius
986 1581 1195 1656 contenderet,
1225 1581 1255 1643 iu

120 1671 252 1733 codicem
284 1669 444 1732 transferre
475 1687 541 1730 eum
573 1667 728 1754 debuisse:
758 1675 880 1748 quorum
910 1686 1035 1730 nurnero
1066 1685 1153 1746 quum
1185 1665 1255 1730 illud

121 1773 225 1819 nomen
251 1767 415 1838 expensum
435 1759 496 1816 'uon
521 1756 625 1841 tulerit,
648 1759 707 1817 u'on
730 1755 786 1817 sibi
809 1755 911 1816 deberi
933 1755 1028 1836 ipsum
1047 1751 1221 1817 conliterl;“'

207 1842 265 1906 Sed
289 1861 364 1922 quiae
388 1842 425 1903 de
448 1841 624 1903 adversariis
647 1841 784 1904 llellerus
806 1841 872 1914 lruiu
894 1842 961 1919 loco
983 1841 1078 1919 addit,
1110 1859 1144 1902 ea
1166 1839 1254 1922 plane

120 1931 267 1992 contrariu
290 1925 378 1989 uerae
403 1929 550 1990 literarum
574 1928 760 2008 obligationis
790 1927 879 1990 indoli
910 1928 979 1989 mibi
1009 1926 1145 1990 videntur
1166 1943 1254 2006 esse,

120 2016 253 2098 quamvis
284 2014 546 2081 cumdelmitione
578 2011 712 2076 codicum
751 2015 786 2075 ab
817 2015 866 2077 illo
896 2015 961 2095 ipso
997 2015 1147 2095 proposita
1178 2014 1255 2076 boue

119 2110 293 2182 congruant.
340 2101 446 2162 Censet
480 2102 581 2178 enim,
612 2104 652 2162 uti
683 2119 771 2181 supra
800 2100 949 2178 vidimus,
979 2099 1114 2162 codicem
1149 2099 1255 2162 librum
1322 2129 1324 2134 ·

118 2188 306 2263 solutionum,
331 2205 388 2249 nou
412 2187 626 2266 obligationum
648 2186 750 2248 luisse.
796 2185 879 2248 Unde
901 2187 1019 2268 negotia
1041 2187 1255 2266 perfectasn'ou

119 2265 291 2354 adimplete,
321 2292 356 2335 ea
380 2280 481 2348 certe,
508 2274 537 2332 iu
568 2273 674 2350 quibus
704 2272 782 2333 nnita
799 2274 861 2354 jam
890 2273 999 2333 solutio
1022 2271 1098 2333 lucta
1121 2268 1175 2348 sit,
1206 2276 1257 2337 aut

118 2355 242 2421 nucetio
266 2377 341 2446 quae
364 2359 420 2418 vim
450 2356 604 2420 solutionis
634 2355 737 2434 babet,
769 2358 805 2419 ab
828 2349 883 2419 illo
909 2358 1013 2418 codice
1039 2357 1133 2419 aliena
1162 2355 1255 2418 luisse

119 2443 225 2507 efficit..
261 2445 359 2524 Atque
382 2445 445 2526 eius
467 2444 512 2506 rei
535 2443 645 2526 gratia,
676 2451 707 2505 ut
729 2443 848 2526 negotia
871 2461 930 2506 nou
953 2442 1106 2524 adimpleta
1135 2443 1256 2524 recipe-

118 2539 185 2593 rent
208 2532 328 2606 uotitiae
351 2549 457 2608 causa,
487 2528 670 2592 adversario
693 2528 820 2598 institute
852 2547 920 2591 esse
950 2529 1045 2592 docet.
1086 2528 1156 2594 Sed
1179 2529 1255 2592 baec

118 2617 246 2678 delinitio
270 2635 307 2680 eo
330 2615 510 2698 potissimum
533 2618 644 2694 nititur,
666 2615 746 2701 quod
769 2617 904 2678 nouandi
927 2618 1022 2679 sotum
1041 2618 1138 2698 gratia
1160 2616 1253 2696 literis

118 2708 299 2765 contractum
323 2707 391 2765 es'se
414 2711 502 2784 putat.
548 2703 624 2776 Quid
656 2705 732 2764 onim
757 2703 793 2763 de
824 2703 1056 2782 expensilatioue
1080 2701 1252 2778 dicendum,

118 2791 203 2869 quam
227 2791 265 2853 ob
290 2807 406 2852 causum
429 2789 554 2852 loturum
578 2796 627 2850 aut
650 2789 815 2852 donationis
837 2801 924 2851 cause
948 2790 1022 2852 alter
1040 2789 1141 2872 jubeat
1162 2787 1252 2867 sieri?

117 2875 192 2938 Niliil
214 2876 342 2938 solutum
358 2883 359 2886 ’
373 2883 417 2938 est
425 2897 434 2952 3
463 2891 554 2955 quare
578 2875 738 2937 secundum
768 2875 916 2937 Kellerum
939 2877 966 2937 in
989 2877 1103 2958 ipsum
1117 2875 1250 2938 codicem

117 2961 164 3023 illa
188 2980 246 3023 uon
269 2970 351 3024 esset
374 2959 586 3023 transferenda.
632 2958 691 3024 Sed
723 2961 835 3024 codicis
858 2965 1032 3024 auctoritate
1062 2961 1250 3026 omnis‘litc-

116 3065 215 3109 rarum
238 3047 377 3126 obligatio
401 3047 566 3125 perficitur3
589 3064 682 3127 quare
705 3046 752 3109 ille
776 3047 915 3127 obligatio
939 3064 997 3110 uon
1013 3047 1090 3110 toret
1108 3046 1251 3127 perlecta,
1327 3093 1330 3104 .

117 3151 206 3213 quum
230 3131 333 3195 codiee
356 3149 413 3194 nou
437 3134 647 3207 contineretur,
670 3132 722 3193 sed
746 3132 931 3193 adversariis.
962 3133 1045 3196 Tune
1068 3134 1154 3206 etiam
1177 3133 1251 3195 ratio

117 3220 261 3300 inciperet
284 3219 345 3300 ipsa
369 3216 533 3294 solutione,
567 3217 646 3296 quod
670 3218 827 3298 expressis
857 3217 956 3279 fontes
986 3216 1116 3280 relutaut
1144 3217 1251 3300 verbis.

116 3306 180 3367 Neo
202 3304 359 3368 verisimile
382 3311 443 3382 est,
467 3305 550 3366 aliem
573 3303 664 3366 fuisse
687 3303 899 3384 argentariam,
929 3302 1012 3365 aliam
1035 3307 1175 3384 privatam
1197 3323 1250 3368 ru·

116 3393 240 3454 tionem:
276 3411 364 3473 uuum
395 3411 434 3452 ex
470 3392 685 3464 meuseriorum
714 3389 828 3470 publice
865 3390 980 3452 ratione
1009 3390 1056 3455 illa
1086 3387 1251 3474 defluxerit,

116 3479 328 3566 mensariorum
352 3477 387 3540 ad
410 3478 727 3560 privataeexemplum
751 3477 880 3538 instituta
902 3478 948 3540 sit.

208 3677 236 3736 p.
258 3669 294 3726 lt.
341 3670 414 3740 Quid
435 3672 472 3726 sit
495 3666 721 3746 „transcribcrc“
745 3673 776 3727 iu
798 3673 908 3728 nornine
928 3675 1159 3747 transcripticio?

200 3824 364 3886 Literarum
387 3822 536 3904 obligatio,
560 3840 635 3904 quac
651 3824 815 3888 novationis
829 3841 917 3888 cause
933 3825 1030 3902 fiebat,
1052 3827 1247 3905 transcripti-

115 3911 194 3972 cium
214 3929 321 3972 nomen
344 3907 551 3990 appellabatur.
596 3909 709 3972 Nomen
732 3911 933 3974 transcribitur
940 3929 950 3983 3
974 3928 1012 3971 ex
1027 3910 1203 3974 adversariis
1219 3915 1247 3974 iu

116 3995 248 4062 codicem
272 3994 428 4058 transcribi
452 4004 482 4058 et
503 3994 570 4057 inde
593 4014 699 4058 nomen
724 3996 889 4058 ducendum
912 4012 990 4073 esse,
1014 3995 1149 4059 llrautius
1172 4016 1249 4061 oon·

115 4083 215 4144 tendit.
259 4083 318 4147 Sed
341 4081 452 4143 arcaria
475 4083 560 4142 etiam
583 4083 699 4144 uomina
720 4081 897 4144 adversariis
920 4083 1143 4144 continebuntur
1166 4085 1246 4148 etin

116 4169 247 4233 codicem
271 4168 555 4240 transcribebantur3
578 4187 675 4248 neque
697 4168 784 4230 illatio
807 4169 836 4229 iu
860 4167 1027 4231 adversaria
1043 4168 1119 4231 facte
1135 4188 1245 4235 neces-

116 4256 192 4317 saria
214 4261 269 4333 est,
293 4261 325 4316 ut
347 4253 589 4334 transcriptieium
613 4271 722 4316 nomeu
745 4253 802 4314 fiat.
846 4255 955 4316 llellcri
978 4263 1074 4318 eutem
1091 4261 1246 4336 sententia,

115 4342 356 4424 transcriptioium
380 4357 505 4419 nomeu,
536 4337 614 4420 quod
644 4339 763 4402 unicum
792 4338 884 4404 literis
913 4341 1104 4406 contrahendi
1127 4342 1244 4406 modurn
