2866 5008
525 1159 806 1265 Praefatio

181 1465 345 1530 literarum
368 1463 554 1549 obligationis
576 1466 820 1550 discriminisque,
843 1468 923 1550 quod
939 1469 1093 1533 inteream
1109 1471 1235 1550 etobli·

95 1570 243 1652 gationem
258 1569 381 1652 simplici
395 1571 558 1650 scripturae
573 1569 706 1634 traditam
722 1570 895 1652 intercedat,
917 1591 987 1636 vera
1007 1581 1111 1636 natura
1128 1593 1235 1657 quam-¹

96 1691 182 1754 quam
198 1671 320 1736 Gneistii
333 1673 468 1736 acumine
484 1672 621 1736 ellectum
636 1682 692 1751 est,
711 1683 743 1750 ut
758 1693 834 1738 nunc
849 1676 1015 1738 accuratius
1029 1678 1235 1758 perspiciatur,

96 1783 192 1840 tamen
215 1777 351 1842 continua
374 1776 412 1839 de
434 1783 512 1839 tanta
535 1795 568 1839 re
592 1775 764 1857 disputatio,
796 1795 872 1859 quae
899 1778 987 1842 simul
1017 1779 1151 1844 codicum
1174 1780 1235 1846 de·

95 1880 283 1944 mesticorum
305 1887 335 1942 et
357 1880 588 1964 argentariorum
611 1882 754 1943 rationem
778 1888 808 1944 et
834 1880 958 1945 formam
987 1882 1152 1966 diligentias
1175 1884 1235 1950 de-

94 1983 213 2062 scribat,
236 1981 331 2046 adbuc
353 1981 521 2046 desiderata
543 1989 597 2046 est.
642 1983 713 2046 Inde
734 1985 802 2046 mibi
825 1991 922 2048 nalum
945 1993 991 2048 est
1014 1986 1181 2067 consilium,
1203 1997 1235 2052 ut

95 2085 132 2150 ad
154 2085 229 2149 hanc
252 2088 525 2151 commentationem
547 2087 733 2170 scribendam
750 2108 797 2180 ipe
816 2089 1013 2172 accingercm.
1044 2091 1127 2166 Quae
1143 2109 1235 2172 quum

94 2207 193 2272 neque
216 2208 233 2254 a
256 2190 453 2254 contractibus
476 2209 530 2272 per
552 2193 742 2287 argeptarips
766 2171 854 2272 iactis
877 2211 975 2272 neque
994 2191 1030 2254 ab
1048 2193 1234 2274 exceptionis

94 2311 156 2357 non
179 2303 349 2356 numeratae
371 2295 515 2374 pecuniae
537 2277 673 2384 doctrina
692 2303 759 2396 apte
782 2297 937 2378 segregari
960 2295 1098 2376 potuerit,
1119 2295 1149 2359 id
1167 2317 1234 2360 ma-

95 2395 177 2456 xime
199 2393 457 2458 demonstrandum
481 2395 550 2484 rpibi
571 2394 731 2490 proposui,
759 2395 910 2460 literarum
933 2397 1141 2485 obligatiopem
1165 2419 1235 2464 curn

93 2497 247 2566 codicibus
270 2496 469 2563 domesticis
460 2517 489 2561 ΙΙΙ
502 2485 736 2586 desuetudinem
748 2501 878 2580 abiisse,
901 2517 999 2582 neque
1014 2502 1078 2564 eius
1094 2519 1180 2568 usum
1196 2503 1234 2567 ad

93 2600 214 2665 codices
230 2602 465 2686 argentariorum
482 2597 624 2700 quamvis
613 2575 762 2698 similiter
771 2605 925 2678 institutos
940 2605 1110 2681 transiisse
1130 2607 1233 2690 omni-

91 2722 135 2767 no
156 2711 252 2769 autem
274 2705 417 2788 permissa
439 2697 616 2787 exceptione
633 2692 698 2780 non
721 2715 892 2808 numeratae
914 2708 1057 2792 pecuniae
1076 2685 1233 2773 falsamli-

91 2815 222 2872 terarum
238 2808 447 2892 obligationem
464 2828 481 2872 a
497 2821 568 2874 vera
583 2809 749 2894 distingui,-
754 2799 853 2892 neque
875 2829 944 2876 esse
967 2828 1057 2894 posse
1079 2811 1231 2876 formalem

91 2917 277 2976 contractum
299 2929 354 2994 per
372 2913 547 2995 scripturam
561 2914 721 2978 institutum
736 2915 965 2997 praescriptione
980 2915 1057 2979 illius
1072 2915 1233 2996 exceptio-

90 3013 139 3078 nis
161 3012 249 3078 lacta.
293 3015 377 3089 Quae
399 3014 446 3078 alii
469 3015 507 3076 de
528 3016 583 3078 bac
605 3019 778 3097 quaestione
801 3018 849 3080 vel
870 3019 1024 3082 statuerint
1045 3016 1094 3080 vel
1117 3017 1233 3081 effece-

90 3117 161 3196 rint,
183 3122 305 3199 propter
327 3115 412 3197 spatii
434 3117 586 3197 angustias
609 3122 772 3181 summatim
802 3127 911 3183 tantum
934 3119 1079 3182 vindicavi
1101 3126 1191 3198 atquc
1213 3137 1232 3183 a

91 3219 216 3301 copiosa
237 3218 414 3282 refutatione
436 3237 484 3280 me
505 3219 648 3295 abstinui3
671 3221 740 3300 quin
762 3221 848 3283 etiam
872 3221 1022 3284 brevitatis
1044 3237 1135 3284 causa
1154 3238 1231 3302 quae

91 3323 131 3387 de
152 3322 305 3386 literarum
335 3320 514 3407 obligatione
544 3329 576 3383 et
604 3321 642 3384 de
672 3321 822 3390 codicibus
852 3323 962 3404 scripta
985 3321 1032 3386 bic
1053 3321 1112 3415 illic
1135 3323 1258 3408 citavi,

90 3431 245 3490 auctorum
268 3431 378 3491 tantum
400 3426 565 3488 nominibus
587 3425 753 3508 significare
776 3427 862 3490 malui
869 3447 879 3502 3
901 3433 970 3489 sunt
991 3433 1089 3489 autem
1112 3425 1201 3490 baec:
1224 3499 1227 3506 ,

179 3528 199 3591 l.
235 3526 410 3608 Gandlinqii
439 3527 476 3590 ad
504 3527 694 3608 Theophilum
723 3529 815 3592 Reizii
846 3547 990 3592 excursus
1015 3528 1112 3608 xvll,
1141 3529 1231 3614 latine

91 3629 226 3696 redditus
248 3649 265 3694 a
287 3630 389 3694 lleizio
396 3649 406 3706 3
428 3628 586 3694 vernacula
608 3630 708 3714 lingua
730 3633 767 3696 ab
790 3633 853 3712 ipso
876 3640 996 3698 auctore
1019 3632 1149 3712 scriptus
1171 3648 1231 3714 ΙΙΙ-

91 3740 150 3799 stat
171 3735 200 3798 in
223 3731 442 3816 Gundlingianis
464 3735 527 3815 XL,
549 3735 570 3797 2
592 3753 620 3816 p.
642 3731 779 3816 410sqq.
802 3737 839 3800 ab
861 3753 938 3800 anno
963 3731 1055 3800 llll.
1081 3817 1085 3824 ι

179 3838 211 3900 ΙΙ.
244 3835 280 3900 L.
302 3835 471 3899 Herscbcri
492 3837 532 3900 ob
553 3836 801 3920 Almcodinqenic
817 3839 845 3900 in
862 3838 1028 3902 Grolmanni
1054 3834 1227 3918 ,,ΜΙΙΙΙΙΙΙΙΙΙζ

91 3939 103 4002 l
117 3958 146 4022 p.
162 3937 242 4005 324:
266 3939 304 4002 de
315 3937 446 4004 editione
456 3941 712 4006 instrumentorum
725 3949 755 4005 et
766 3941 803 4004 dc
816 3939 991 4023 argentariis
1010 3939 1228 4003 commentatio.

179 4043 223 4106 lll.
257 4041 398 4107 Eiusdem
420 4042 526 4107 eodem
547 4043 570 4107 ll
591 4064 620 4126 p.
646 4043 725 4108 178:
747 4044 785 4106 de
806 4042 968 4107 rationibus
990 4040 1170 4106 domesticis.

178 4148 224 4211 lV.
257 4145 400 4228 Scripsit
420 4145 643 4212 observationes
659 4147 860 4212 deliberatum
877 4147 1067 4230 obligatione,
1088 4163 1182 4228 nuper
1197 4145 1228 4208 in

95 4247 283 4330 ,vadorum“
307 4255 388 4315 tomo
409 4247 421 4311 l
443 4268 492 4316 no.
514 4250 535 4312 9
557 4249 653 4314 Berol.
679 4249 763 4314 1850
784 4251 882 4315 denuo
904 4249 1015 4331 editae,
1037 4249 1120 4313 annis
1144 4247 1227 4312 1816

93 4359 125 4417 et
148 4350 231 4417 1817
252 4351 390 4434 scriptae.
