2866 5008
558 1175 681 1259 ΟΑΡ.
711 1177 791 1258 vll.

123 1361 181 1437 De
205 1363 424 1462 personis,
440 1362 647 1458 literarum
674 1363 935 1460 obligationis
961 1365 1232 1466 perficiendae

449 1500 453 1524 ·
543 1469 817 1566 incapacibus.
990 1489 993 1494 “

495 1770 525 1832 d.
546 1763 592 1824 26.
635 1765 679 1824 De
697 1765 865 1841 peregrinis.

195 1913 282 1990 Quod
303 1913 392 1980 (laius
419 1913 457 1982 de
478 1917 694 1998 transcripticio
725 1920 844 1982 nomine
874 1917 959 1997 dicit,
987 1918 1065 1982 inter
1093 1917 1243 1983 Romanos

108 2007 219 2066 tanturn
241 1999 270 2066 id
292 2020 382 2083 posse
403 2004 559 2084 constitui,
588 2012 711 2086 propter
739 2006 882 2068 rationem
912 2003 1055 2090 adjectam
1084 2004 1121 2068 ad
1151 2011 1245 2069 totum

106 2087 201 2152 literis
223 2087 413 2160 contrahendi
434 2105 530 2174 genus
550 2091 700 2170 pertinere
713 2097 844 2170 apparet.
874 2090 961 2176 *Ratio
977 2091 1054 2152 enim
1070 2097 1131 2153 est:
1157 2091 1244 2172 „quia

108 2173 330 2255 quodammodo
355 2174 432 2258 juris
462 2174 553 2238 civilis
575 2181 622 2237 est
642 2174 712 2235 totis
738 2175 961 2254 obligatio.“
1004 2175 1070 2237 Jam
1093 2175 1163 2256 quid
1185 2193 1246 2238 vox

106 2259 362 2342 „quodammodo“
380 2260 437 2326 sibi
451 2259 532 2336 velit,
554 2258 715 2321 videamus.
749 2257 892 2339 Equidem
911 2267 1000 2340 puto,
1022 2277 1123 2322 veram
1150 2258 1244 2323 luisse

104 2346 269 2427 rationem,
299 2347 387 2427 „quia
406 2348 455 2428 jus
479 2344 613 2408 codicum
635 2344 863 2408 domesticorum
886 2345 1052 2427 peregrinis
1075 2363 1134 2408 non
1158 2363 1243 2410 com-

103 2432 261 2515 petierit“;
284 2450 344 2511 quo
366 2430 510 2513 afficitur,
534 2449 622 2512 quum
645 2430 674 2491 in
697 2429 777 2494 illum
799 2428 932 2494 codicem
955 2448 1087 2512 expensa
1108 2430 1244 2494 inferen-

103 2526 165 2597 tur,
187 2516 451 2600 expensilationem
473 2536 491 2580 a
513 2517 677 2597 peregrinis
700 2534 760 2581 non
782 2515 916 2598 potuisse
938 2515 1011 2579 lieri.
1056 2516 1115 2582 Sed
1138 2517 1244 2581 merie

104 2604 270 2688 quaeritur,
290 2621 330 2666 an
350 2603 526 2686 peregrinus
549 2601 684 2684 obligari,
702 2603 795 2684 possit
817 2602 1049 2683 expensilatione‘
1071 2623 1089 2667 a
1109 2602 1243 2668 Romano

102 2691 193 2754 lacta.
227 2687 315 2762 Quod
335 2687 435 2752 Nerva
456 2687 574 2771 quidem
596 2696 687 2772 negat
708 2695 739 2751 et
760 2689 825 2770 ipse
845 2689 933 2753 Gaius
954 2691 984 2751 in
1007 2689 1127 2752 dubium
1147 2695 1243 2754 vocat

102 2776 142 2840 Et
165 2774 296 2854 iniquum
326 2774 461 2857 proiecto
492 2782 592 2854 essct,
621 2777 648 2838 si
669 2792 707 2836 eo
729 2790 860 2854 genere,
890 2793 950 2855 quo
973 2774 1040 2855 quis
1069 2774 1159 2837 alium
1187 2773 1244 2838 sibi
1366 2829 1380 2860 ,ι

103 2859 295 2942 obstringere
317 2879 378 2924 non
400 2868 512 2943 posset,
534 2862 599 2940 ipse
622 2866 783 2922 teneretur.
819 2857 879 2924 Sed
901 2859 1041 2942 obligatio
1063 2859 1244 2945 peregrino-

103 2959 172 3012 rum
195 2945 310 3010 duobus
332 2947 448 3009 casibus
470 2945 643 3008 admittitur:

192 3030 213 3094 l.
236 3032 262 3096 si
284 3030 383 3095 codex
403 3031 561 3092 arcarium
590 3046 698 3092 nomen
728 3035 832 3110 contra
860 3047 914 3094 eos
944 3032 1060 3113 probat.
1109 3030 1245 3111 iniquum

104 3116 184 3182 enim
207 3123 298 3196 esset,
321 3116 348 3180 si
370 3135 409 3178 ex
431 3117 493 3197 ipsa
516 3115 659 3197 pecuniae
682 3116 885 3180 numeratione
900 3114 937 3178 ad
952 3134 1016 3178 eam
1030 3114 1244 3178 restituendam

104 3221 168 3270 non
190 3203 411 3286 obligarentur3
434 3201 531 3266 codex
553 3201 642 3282 igitur
662 3201 720 3264 hoc
743 3218 815 3264 casu
837 3218 897 3263 non
912 3200 1244 3281 contractumperficr‘t,

103 3288 162 3356 sed
182 3291 345 3370 scripturo,
368 3289 594 3352 instrumentum
609 3286 766 3368 probandi
787 3293 852 3368 est,
873 3285 970 3368 qualia
993 3285 1081 3351 etiam
1102 3286 1244 3370 peregri-

104 3377 153 3442 nis
174 3375 343 3457 producere
364 3376 433 3438 licet
455 3409 498 3420 -

193 3457 226 3521 ll.
247 3459 408 3522 secundum
429 3459 566 3526 Sabinum
586 3451 770 3538 ewardum,
791 3457 1132 3540 sincratioataquid'ern
1144 3475 1244 3539 eausa,

103 3543 161 3613 sed
182 3544 249 3607 strue
270 3541 455 3625 delegatione
475 3547 567 3610 literis
598 3553 780 3612 contractum
802 3552 857 3610 est.
902 3545 1037 3627 Namque
1058 3563 1118 3611 non
1147 3545 1245 3609 minus

104 3632 166 3696 boc
186 3648 269 3710 casu,
291 3647 377 3711 qnam
400 3629 461 3710 illo,
482 3649 543 3698 non
565 3631 668 3696 codice
691 3631 843 3713 obligetur
864 3634 1058 3716 peregrinus:
1087 3630 1142 3696 sed
1165 3631 1245 3695 obli·
1273 3684 1277 3689 .

104 3723 194 3801 gatus
217 3719 279 3800 jam
313 3721 399 3779 antea
428 3723 509 3793 erai3
547 3724 577 3782 et
606 3716 688 3780 nulls
716 3717 853 3798 prolecto
880 3718 1018 3802 iniquitas
1046 3717 1077 3781 in
1105 3715 1245 3781 muunda

103 3805 208 3885 {omne
228 3810 259 3868 et
281 3819 376 3866 conse
398 3803 585 3887 obligationis
608 3801 797 3888 conspicitur.

460 4038 489 4097 b'.
511 4030 556 4090 27.
599 4032 643 4090 De
662 4032 732 4102 ltdt‘ds
751 4029 888 4102 famum.

109 4267 125 4284 ,.
196 4215 278 4298 „rili
299 4214 421 4281 iamilias
442 4202 555 4281 tabulas
577 4215 738 4280 conficiunt
764 4212 899 4278 nullast:
928 4213 988 4278 cte.
1020 4232 1076 4298 pro
1103 4213 1143 4279 ll.
1165 4212 1244 4280 cnei.

108 4301 139 4384 7,
162 4300 213 4369 17.
258 4301 344 4378 Quod
365 4299 403 4367 ad
424 4319 528 4368 omnes
550 4299 618 4366 uim
640 4307 711 4382 puto
740 4300 937 4381 pertinuisse,
966 4300 1070 4381 quiin
1097 4305 1244 4383 potestate

106 4391 172 4458 sire
194 4387 340 4457 tomum
361 4387 426 4458 sire
445 4388 541 4474 patria
562 4386 670 4470 quique
685 4385 716 4453 in
730 4387 828 4452 abeno
845 4387 916 4471 jnre
936 4385 1002 4454 sire
1019 4385 1164 4469 mancipio
1178 4385 1246 4454 sira
