2866 5008
573 342 882 406 ·-·19-,

195 513 339 586 Publicae
368 513 453 578 etiam
476 521 595 597 praeter
615 518 743 598 privatas
767 523 851 583 erent
873 517 1003 584 rationes
1026 523 1056 584 et
1077 523 1245 604 paesi-pc-

110 601 209 665 blicae
231 599 364 686 (scilicet
385 601 647 686 argentariorum).
692 603 729 669 Et
751 601 885 685 publicae
907 607 1026 685 quidem
1048 614 1133 687 suut,
1160 628 1246 690 quae,

109 689 174 751 sive
197 693 285 751 totius
308 689 489 768 reipublicae
512 691 582 752 siue
606 691 785 771 singularum
815 693 879 754 eius
902 693 1024 772 partium
1054 698 1244 774 corporatio-

110 790 219 838 numre
242 777 359 838 nominc
380 783 533 857 geruntur,
557 793 594 838 ee
618 778 704 838 etiam
727 795 743 838 e
765 777 1135 862 privetisdistinguuntur,
1164 782 1245 862 qued

103 862 204 924 alieno
226 859 293 924 illae
314 879 433 942 semper
455 863 679 925 conscribuntur
701 865 829 941 nemine,
852 864 908 926 lree
929 872 989 926 tam
1010 867 1129 946 proprie
1153 887 1241 948 quara

108 948 213 1010 alieno.
259 948 399 1011 Rationes
430 950 517 1011 etiam
539 967 579 1010 err
600 949 657 1011 illis
680 956 730 1011 aut
759 950 869 1030 populo
899 958 947 1012 aut
977 954 1243 1032 corporationibus,

110 1051 233 1114 quarum
253 1035 373 1098 nemine
398 1042 502 1116 gestae
528 1043 611 1111 sunt,
642 1035 820 1098 redduntur:
845 1036 925 1098 ¹Cic.
948 1038 977 1098 in
1000 1038 1084 1100 Verr.
1107 1037 1128 1116 l,
1151 1038 1202 1100 39.
1223 1039 1246 1118 Ι,

112 1119 163 1198 Ι3,
186 1119 238 1183 36.
283 1121 397 1192 Quibus
419 1121 491 1184 locis
514 1127 685 1184 constanter
707 1123 839 1202 ,referre
861 1120 1012 1186 rationes⁴⁴
1038 1124 1147 1186 dictum
1166 1121 1247 1188 extat

107 1223 162 1288 pro
192 1205 370 1286 „reddere“,
392 1208 460 1287 quia
481 1208 622 1287 pecunias
644 1207 773 1288 publicas
796 1209 825 1270 in
849 1207 994 1272 aerarium
1016 1211 1126 1272 Verres
1149 1209 1244 1272 debe-

107 1295 155 1356 bat
169 1294 344 1371 restituere,
366 1298 397 1354 ct
419 1295 449 1355 in
471 1311 509 1356 eo
525 1295 659 1364 ¹manime
680 1293 833 1357 reddenda
850 1296 901 1362 ab
920 1313 959 1358 eo
987 1296 1074 1358 ratio·
1092 1304 1163 1358 tuuc
1184 1303 1247 1360 erat

106 1381 201 1464 posita
209 1399 218 1454 3
248 1379 286 1441 id.
309 1379 375 1442 cod.
401 1379 451 1457 ll,
473 1378 515 1441 36
538 1387 567 1442 et
589 1375 639 1443 37.
685 1381 741 1453 Qut
764 1381 862 1443 aulem
885 1381 961 1446 tales
980 1383 1125 1462 gerebant
1146 1384 1244 1445 ratio-

106 1483 171 1542 nes,
193 1466 486 1547 magistratuserant,
505 1468 759 1549 major-espopuli,
782 1468 911 1530 minores
928 1469 1163 1548 corporationis,
1186 1487 1245 1530 ve-

114 1551 353 1631 lati'municipii:
378 1552 395 1613 Ι.
419 1551 461 1614 38
484 1551 521 1614 de
544 1571 610 1634 neg.
634 1561 710 1633 gest.
734 1552 778 1632 ΙΙΙ,
801 1555 829 1614 5.
865 1553 996 1625 Quorum
1019 1554 1056 1615 ad
1079 1554 1246 1634 exemplum

106 1638 373 1706 serietates'etiam
397 1640 525 1721 majores
547 1645 577 1701 et
599 1638 748 1718 publicae,
776 1639 874 1700 ueluti
890 1639 1127 1718 publicanorum,
1149 1641 1246 1706 ratio·

105 1740 160 1788 rtcs
182 1723 331 1807 gerendas
356 1723 555 1806 ,magistrie“,
577 1725 660 1788 simili
684 1725 802 1787 nomine
823 1725 985 1806 appellatis,
1008 1725 1174 1792 natehant..
1195 1803 1202 1810 ⁷
1220 1755 1234 1784 ·,

288 1977 316 2035 ΙΙ
339 1969 382 2063 9.Ι
410 1941 628 2028 Decurionibus
651 1971 797 2028 dominicis
819 1978 847 2028 et
865 1969 1067 2044 peculiaribus.
1113 2029 1115 2032 ,
1209 1999 1212 2004 ·

194 2157 327 2236 Propria
350 2159 467 2221 nomine
489 2159 620 2240 privatae
641 2151 818 2225 rationes'a
832 2157 963 2240 patribus
983 2157 1154 2223 familiarum
1176 2163 1244 2220 tan-

104 2243 295 2322 temptione
318 2263 335 2306 a
357 2247 462 2321 servis,
488 2245 554 2308 tiliis
577 2245 761 2322 familiarum,
783 2245 905 2322 libertis,
922 2245 1072 2326 'ingenuis
1094 2245 1241 2306 institori-

104 2329 160 2390 bus
189 2331 380 2410 gerebantur.
426 2331 470 2390 De
499 2333 593 2392 servis
616 2351 645 2392 v.
667 2331 697 2392 Ι.’
713 2330 763 2391 te.
784 2330 877 2406 ledi,
902 2328 943 2390 ΙΙ)
965 2337 995 2390 et
1019 2329 1056 2410 ΙΙ
1082 2328 1120 2391 de
1141 2328 1237 2390 fidele

102 2414 199 2478 libert.
220 2413 281 2491 XL,
305 2417 333 2476 5.
367 2415 491 2494 Propter
513 2416 666 2495 potestatis
686 2417 764 2477 enirn
780 2413 936 2486 vinculum,
959 2421 991 2474 et
1012 2415 1079 2494 quia
1100 2433 1154 2495 per
1172 2416 1243 2477 ser-

103 2517 161 2562 vos
183 2500 360 2580 acquiritur,
389 2500 546 2576 su·mmiid
568 2509 640 2564 erat*
655 2500 815 2564 commodi:
853 2501 899 2562 De
921 2500 1022 2563 liberis
1040 2499 1116 2564 ul.
1140 2499 1182 2563 38
1204 2500 1242 2564 dc

47 2598 49 2604 ’
107 2603 126 2648 n
169 2632 176 2648 .
220 2593 274 2649 est.
781 2627 784 2635 ›
1155 2605 1160 2628 Ι

129 2604 167 2668 eg
189 2605 276 2735 ⁴Agdeo
299 2673 388 2753 igitur
401 2678 531 2736 rationes
545 2671 726 2736 domesticae
742 2673 838 2736 omnia
859 2672 950 2754 patris
972 2671 1094 2736 familias
1117 2672 1195 2735 bona
1215 2678 1246 2734 et

91 2756 223 2820 *uomina
245 2759 524 2840 complectebantur,
547 2767 715 2823 contractus
738 2767 768 2820 et
793 2761 927 2840 negotia:
951 2766 982 2820 ut
994 2759 1245 2837 testamentariae,

105 2845 169 2907 sire
183 2843 313 2908 directae
329 2847 393 2908 sive
407 2846 694 2910 fideicommissariam
719 2843 757 2927 [l.
770 2845 823 2922 41,
848 2844 888 2906 13
905 2845 942 2906 dc
956 2843 1050 2906 tider'c.
1070 2845 1164 2906 libert.
1173 2843 1245 2923 XL,

106 2930 136 2992 5.
159 2930 178 2994 Ι.
193 2931 311 3014 ddpr.
335 2931 373 2992 de
395 2933 522 2995 statulib.
545 2931 606 3010 XL,
629 2929 669 3012 Ι)
692 2933 757 2992 talis
780 2932 860 2992 servi
882 2929 1101 2992 uranumissioiri
1130 2929 1246 3014 adjecta

105 3015 242 3080 condicio
265 3019 309 3096 ,si
332 3018 461 3080 rationes
483 3017 662 3079 reddiderit‘
689 3035 749 3090 non
771 3018 808 3078 ad
824 3033 881 3079 =eas
904 3017 983 3079 solas
1007 3033 1080 3096 quas
1099 3015 1246 3097 gessisset

106 3099 239 3164 rationes
254 3104 430 3181 pertineret,
450 3103 504 3164 sed
519 3105 598 3183 quod
615 3121 734 3182 quoquo
751 3118 864 3184 genere
880 3102 917 3164 ad
933 3104 1013 3163 servi
1028 3109 1122 3163 actum
1138 3100 1244 3162 lidem-

109 3199 169 3266 que
192 3193 356 3268 spectaret,
386 3188 416 3250 id
439 3206 525 3250 omne
554 3192 728 3251 contineret.
774 3189 873 3259 Quare
896 3186 1015 3247 libertas
1034 3193 1107 3246 tunc
1129 3185 1246 3246 demum

105 3274 134 3335 ei
157 3274 362 3357 contingebat,
385 3276 411 3337 si
434 3277 566 3338 rationes
582 3281 667 3336 erant
688 3271 821 3335 redditae
844 3277 874 3332 et
895 3272 1039 3351 reliquum
1061 3271 1244 3332 restitutum:

104 3359 123 3420 Ι.
146 3358 188 3422 82
210 3359 254 3421 de‘
271 3361 383 3424 condic.
407 3361 543 3438 XXXV,-
561 3361 588 3422 Ι.
630 3359 769 3424 Similiter
799 3357 817 3420 Ι.
840 3355 880 3420 2Ι
904 3357 941 3419 de
971 3357 1097 3419 statulib.
1127 3374 1244 3434 seruus,

30 3484 36 3498 ι
107 3447 158 3525 qui
179 3447 369 3525 dispensator
399 3447 508 3509 domini
529 3447 626 3509 iuerat
649 3443 705 3529 [ad
729 3443 940 3526 dispensandas
962 3444 1026 3527 sive
1047 3441 1245 3506 creditoribus

106 3533 169 3596 eive
191 3531 297 3596 luteris
328 3533 436 3594 domini
464 3531 645 3596 debitoribus
676 3527 852 3612 pecunias),
883 3537 1058 3595 testamento
1088 3530 1246 3591 manumit-

106 3619 178 3680 titur
197 3621 254 3680 sub
276 3617 450 3680 condicione
481 3620 526 3696 ,si
547 3619 678 3680 rationes
708 3618 866 3696 ditipenter
893 3624 1037 3678 tractasse
1067 3611 1242 3698 videbitur.“

106 3703 200 3778 Quam
222 3704 400 3783 diligentiam
423 3706 610 3784 conprobat
632 3703 791 3784 injudicio
815 3701 1013 3780 seruus,·sed
1035 3698 1245 3782 negligentiam

50 3821 62 3830 κ
105 3789 211 3864 lieres3
242 3789 282 3851 illi
304 3789 427 3872 sufficit,
456 3791 481 3852 si
497 3785 633 3852 'rationes
663 3807 719 3850 nec
741 3784 844 3850 falsum
868 3807 969 3866 neque
991 3787 1133 3848 omissum
1156 3785 1245 3863 quid-

107 3879 194 3955 quam
225 3875 393 3940 ostendunt.
439 3877 523 3948 Quae
553 3874 709 3946 dummodo
735 3880 864 3952 possunt
892 3891 959 3934 esse
990 3871 1117 3949 probae,
1147 3883 1245 3946 neque

104 3961 195 4024 heres
225 3958 403 4036 cerealium
434 3963 556 4024 evincit:
585 3978 691 4024 servus
714 3961 789 4020 liber
817 3958 857 4042 sit,
902 3955 1041 4028 Quemvis
1070 3953 1160 4036 igitur
1189 3952 1246 4033 ipsi

105 4045 210 4108 heredi
224 4049 353 4109 rationes
369 4046 539 4108 reddendae
555 4047 621 4123 sint,
645 4047 728 4107 euius
743 4044 869 4104 maxime
884 4041 1008 4120 intersit,
1030 4057 1069 4102 ne
1090 4039 1127 4101 ad
1149 4039 1245 4101 liber-

105 4137 195 4194 tatem
211 4131 259 4193 ille
274 4134 441 4213 perueniat:
466 4147 525 4195 non
549 4151 588 4193 ex
609 4147 691 4193 mero
705 4138 814 4206 tameo,
835 4126 888 4190 scd
904 4145 944 4188 ex
958 4126 1030 4189 doni
1044 4127 1106 4188 ciri
1122 4125 1244 4188 arbitrio

106 4217 220 4280 tabulas
242 4217 291 4279 ille
313 4218 450 4281 conterre
473 4226 503 4280 et
526 4219 695 4280 examinare
717 4214 813 4280 debet.
845 4213 924 4276 lllam
947 4219 1045 4275 autem
1062 4211 1245 4293 diligentium

106 4312 166 4366 non
195 4303 227 4366 in
243 4306 399 4388 preprium
427 4303 534 4366 sedin
556 4303 670 4366 demini
697 4317 784 4364 usum
812 4317 920 4363 servus
950 4299 1116 4362 adhibuisse
1146 4297 1244 4359 debet.

107 4388 210 4462 Quare
230 4389 296 4472 ipso
319 4386 435 4472 quidem
451 4392 543 4474 jure,
558 4395 592 4452 ut
614 4387 684 4452 dolo
705 4387 781 4473 malo
803 4386 964 4468 abstineat,
985 4385 1168 4535 cougtipetar:
1188 4378 1244 4446 sed
