2866 5008
448 310 787 388 ,·-·29-’

111 483 172 549 rius
195 480 329 549 daminus
350 482 491 548 tabernae
513 500 582 550 esse
604 487 714 566 nequit,
734 483 790 550 sed
812 482 951 549 usuarius
973 489 1036 550 este
1078 481 1159 564 Uip.
1164 480 1183 545 1.
1206 479 1248 546 32
1285 537 1288 545 .
1371 475 1373 484 ’

111 570 150 635 de
173 569 305 642 eontrab
328 569 364 633 Ε.
385 569 489 650 xuni,
510 571 538 634 1
584 572 651 644 Quo
670 571 740 636 iaec
762 571 791 635 id
811 569 931 652 quidem
959 570 1076 656 minime
1098 555 1249 650 probator,

113 655 195 737 qood
224 655 486 739 Aimeodiogenins
516 658 682 736 contendit,
713 657 749 720 ad
772 655 955 720 exercendas
977 649 1098 722 mensae
1119 655 1249 718 rationes

110 743 177 810 talis
205 745 346 808 tabernae
376 745 597 824 possessionem
626 744 824 807 necessariam
852 741 962 824 fuisse,
991 761 1079 822 quum
1108 741 1249 822 quotide

112 829 216 913 „juret
240 830 379 911 Ulpianus
402 830 480 893 dicat
502 849 562 895 non
584 829 619 892 ad
642 829 729 893 hoc
716 849 766 912 pus
788 828 999 896 referendum
996 829 1046 893 sit
1067 828 1121 890 sed
1144 827 1212 890 ad
1203 845 1250 910 pus

111 916 228 994 utendi
245 918 313 997 quia
336 915 373 987 de
396 917 459 982 aliis
482 917 567 980 etiam
591 917 720 979 tabernis
742 916 772 978 in
795 916 912 997 publica
934 915 1014 990 sola·
1022 914 1125 996 positis
1149 913 1250 994 Uipia-

111 1002 323 1067 nas'disserit:
347 1004 505 1066 auctoritas
528 1010 625 1066 tamen
647 1003 704 1082 iiia,
727 1020 813 1083 quam
836 1010 990 1083 praetores
1014 1002 1051 1063 de
1073 1000 1248 1083 argentariis
1315 1044 1320 1048 -

112 1089 311 1170 optinuerunt,
333 1089 496 1169 proximam
515 1107 632 1152 causam
647 1091 683 1150 -in
708 1106 745 1150 eo
765 1088 880 1151 videtur
894 1088 1044 1166 babuisse,
1066 1086 1147 1167 quad
1171 1092 1249 1149 tam-

112 1193 199 1256 quam
228 1176 416 1256 magistratus
443 1174 480 1236 de
508 1175 628 1256 pontico
657 1174 723 1238 solo
754 1175 987 1254 eosexpeiiere
1012 1181 1042 1236 et
1064 1172 1163 1236 utendi
1182 1175 1249 1256 jure
1359 1205 1362 1208 -

109 1261 229 1343 privare
250 1261 426 1342 potuissent,
449 1263 499 1342 qui
520 1263 638 1343 propria
660 1261 742 1324 lucra
766 1262 849 1324 nimis
872 1265 1056 1342 spectassent
1071 1275 1169 1339 eaque
1191 1276 1246 1341 pu-

111 1347 207 1411 blicae
229 1347 299 1409 fidei
320 1347 418 1428 potios
441 1347 604 1411 abfuissent
622 1366 707 1429 qoam
723 1347 911 1448 profuissent.
945 1347 975 1410 fn
999 1345 1067 1411 foro
1090 1346 1167 1408 enim
1191 1363 1249 1428 po-

110 1434 167 1498 sita
198 1433 328 1496 taberna
348 1441 469 1514 propter
498 1433 692 1515 frequentiam
723 1435 845 1514 civium,
875 1435 1001 1496 maxime
1023 1433 1250 1538 negotiatorum,
1340 1501 1341 1504 ¹

110 1519 266 1601 plurimum
289 1519 433 1584 commodi
455 1521 630 1603 argentariis
652 1521 821 1600 praebebat

197 1605 318 1670 Latinae
347 1605 469 1686 linguae
495 1623 551 1686 pro
582 1605 787 1688 ,ιιιιιιιιιιιοιι
813 1606 932 1686 propria
960 1623 1124 1724 synonyma
1153 1605 1250 1668 arania

112 1710 221 1774 graeca
236 1709 321 1755 voce
329 1688 534 1772 ,τραιιῡίιις1
553 1694 757 1769 continentur,
768 1694 846 1754 unde
863 1691 1041 1772 „trapezita“
1058 1689 1144 1771 apud
1161 1691 1250 1754 Plau-

110 1785 173 1844 tum
189 1779 308 1860 passim‚
325 1777 444 1842 veluti'
436 1797 465 1840 m
464 1779 584 1884 captiv.
605 1779 629 1854 1,
648 1779 682 1856 2,
704 1779 756 1852 90,
779 1779 894 1859 iegitur·
929 1777 1108 1852 festinianus
1131 1774 1248 1856 quidem

112 1865 143 1931 in
165 1865 238 1928 Nou.
257 1863 322 1928 136
338 1883 414 1928 voce
439 1859 696 1946 „dammandi-qd
721 1865 822 1942 utitur,
844 1882 898 1944 pro
922 1881 980 1944 qua
1002 1865 1031 1926 in
1053 1863 1156 1926 eadem
1171 1861 1247 1926 Nau.

34 2007 41 2028 ,
110 1950 188 2016 infra
203 1949 307 2013 dicitnr
331 1945 390 2030 „ai
400 1945 524 2052 ἀργύρου
545 1947 690 2033 τραπέζης
710 1947 901 2032 npaecdrer‘&
923 1957 1048 2032 utraque
1070 1957 1166 2012 autem
1190 1967 1249 2018 voa

110 2037 229 2104 minime
247 2055 374 2120 graecae
389 2038 511 2118 originis
525 2043 582 2117 ast,
603 2037 657 2103 sed
680 2037 772 2100 altera
788 2038 872 2100 vocis
897 2033 1134 2118 „argentarius“,
1156 2035 1247 2100 altera

109 2124 195 2188 vocis
219 2124 423 2204 „argentariae
447 2142 566 2188 mensae
585 2124 744 2204 praepositi
767 2121 842 2206 (seu
864 2113 1089 2204 exercitores)“
1115 2119 1150 2192 ad
1174 2139 1247 2182 ver·

109 2211 179 2273 bum
202 2211 288 2290 piane
310 2227 452 2290 expressa
474 2211 680 2290 interpretatio
698 2216 752 2272 ast.
798 2211 948 2272 Ceterum
956 2208 1111 2272 iustiniani
1133 2207 1249 2286 compi-

109 2296 221 2359 latores
243 2295 399 2368 latinorum
422 2313 655 2376 synonymarum
677 2295 792 2358 iliorum
813 2294 1003 2356 differentiam
1018 2311 1076 2356 non
1100 2293 1248 2355 observa·
1276 2321 1281 2332 ·

112 2382 185 2444 bant
213 2375 272 2460 (cf
294 2380 313 2442 1.
336 2379 367 2455 7,
388 2381 418 2443 2.
449 2380 468 2442 1.
491 2380 638 2460 8depos.
661 2379 735 2457 XVf,
758 2381 788 2443 3.
818 2381 836 2445 1
860 2379 1169 2457 24,2ι1ι11.ιιιι1
1172 2371 1250 2460 jod.

110 2465 199 2543 XLii,
220 2461 261 2546 5)
284 2461 329 2546 (si
351 2485 409 2548 qua
432 2473 491 2530 tum
515 2467 655 2546 temporis
678 2427 741 2529 era’t
763 2461 906 2548 reliqua),
916 2465 981 2528 sed
1004 2465 1187 2546 promiscue
1182 2463 1251 2526 iliis

110 2511 212 2617 verbi’s
242 2553 415 2618 utebantur.
444 2554 483 2616 ita
512 2559 545 2615 ut
568 2559 650 2616 certe
672 2553 843 2616 secundnm
855 2551 1100 2624 fustinianeum
1086 2567 1159 2634 pas
1157 2547 1249 2614 uuum

108 2638 209 2702 sotum
232 2640 437 2718 trapezitarum
465 2656 562 2720 genus
590 2646 680 2702 esset.
725 2635 810 2712 anot
833 2636 1093 2720 Afmendiogenius
1116 2627 1250 2700 omnibus

112 2725 183 2790 itam
204 2726 385 2805 temporibus
407 2725 500 2790 fuisse
522 2732 638 2790 censet:
664 2744 749 2788 unam
774 2725 891 2805 quidem
914 2726 1075 2806 trapezitae
1093 2740 1250 2803 personam

112 2809 223 2889 faisse,
250 2810 304 2874 sed
326 2831 349 2872 a·
366 2811 491 2875 diversis
521 2813 648 2890 negotiis
669 2812 795 2875 ‘diuersa
826 2811 941 2873 nomina
964 2809 1063 2873 indita.
1107 2807 1251 2888 Equidem

112 2903 202 2978 puto,
232 2914 250 2956 e
277 2898 373 2959 veteri
397 2899 466 2979 jura
495 2899 572 2959 civiti
592 2898 703 2976 plures
733 2915 878 2977 personas
904 2895 997 2960 fuisse
1027 2915 1093 2958 cum
1119 2893 1251 2958 diversis

113 2983 252 3065 negotiis,
274 3000 372 3062 aeque
394 2997 448 3045 eos
471 2981 899 3064 deliniendidistingucndique
918 2983 1127 3061 necessitatem
1149 2979 1252 3056 fuisse,

114 3087 204 3148 quum
227 3067 356 3148 speciale
379 3067 416 3128 de
438 3069 474 3128 iis
492 3069 541 3150 1ιι
563 3069 751 3131 constitutum
774 3087 832 3134 non
855 3069 903 3134 sit.¹
927 3067 1025 3142 ,Quod
1047 3085 1137 3146 quum
1159 3083 1251 3145 prae-

70 3193 71 3196 =
115 3155 191 3218 toris
212 3158 322 3234 postea
339 3151 435 3216 edicta
450 3153 536 3214 fieret
558 3149 595 3233 (l.
611 3153 633 3214 4
647 3172 690 3232 pr.
706 3153 745 3214 de
760 3153 875 3215 edendo
890 3152 935 3231 111,
959 3147 1029 3233 13),
1053 3149 1160 3228 edendi
1182 3149 1252 3213 offr-

113 3241 191 3302 aium
223 3240 429 3321 „argentariae
459 3257 579 3306 mensae
608 3237 842 3301 exercitoribas“
875 3238 1045 3318 impositum
1069 3243 1125 3300 est.
1170 3235 1252 3315 Quae

113 3343 176 3389 aaut
191 3326 263 3404 ipso
284 3325 403 3406 qnidam
417 3327 492 3404 jare
514 3341 580 3398 eos·
591 3331 705 3394 tantum
724 3325 924 3406 argentarias·
941 3324 1073 3389 continet
1093 3323 1145 3403 qni
1165 3340 1251 3384 man-

113 3431 185 3474 sam
214 3418 372 3486 aenaentr
400 3419 498 3476 tamen
522 3412 679 3473 ceadicta
708 3411 925 3473 nummularios
945 3428 1072 3491 queque
1099 3428 1162 3472 non
1190 3427 1255 3472 ease

112 3499 250 3578 adquam
272 3498 340 3580 cogi
362 3499 492 3562 rationes
515 3496 605 3560 edere
634 3497 811 3578 Pomponius
841 3497 918 3579 apud
949 3497 1017 3578 Pap.
1040 3497 1061 3559 1.
1081 3495 1120 3574 9,
1140 3495 1161 3558 2
1184 3496 1251 3560 eod.

112 3584 250 3664 scripsit;
270 3584 408 3646 rationes
429 3585 506 3646 enim
529 3591 558 3645 et
581 3583 637 3664 ipsi
659 3583 852 3646 conficiebant
878 3584 964 3647 sicuti
985 3583 1154 3666 argentarii.
1197 3582 1253 3656 das

112 3671 206 3753 igitur
235 3668 273 3730 de
293 3670 477 3750 argentariis
507 3669 699 3734 constitutum.
726 3687 829 3732 eorum
859 3673 987 3734 amnium
1016 3687 1171 3735 commune
1198 3677 1254 3747 est,

115 3755 176 3837 qui,
190 3761 310 3836 praeter
330 3753 385 3816 afia
407 3755 525 3837 negotia
546 3771 678 3826 mensam
700 3756 810 3819 civibus
841 3756 950 3826 faciunt
973 3753 1052 3838 (Cio.
1076 3754 1113 3820 de
1136 3754 1186 3818 aff.
1209 3755 1254 3832 111,

117 3840 170 3920 14,
192 3837 264 3923 58).
298 3839 319 3902 ii
342 3839 417 3901 enim
437 3839 552 3902 similes
566 3843 800 3924 argentariorum
822 3843 889 3906 sunt
913 3839 995 3923 (arg.
1019 3841 1037 3902 1.
1056 3840 1107 3919 10,
1131 3841 1146 3900 1
1165 3835 1252 3920 eod.)

116 3927 218 4008 quoad
241 3925 395 4006 publicem
424 3926 514 3996 officii
543 3945 578 3989 aa
606 3929 758 4004 ministerii
788 3946 922 4004 causam,
952 3925 989 3987 de
1007 3943 1079 4006 qua
1107 3925 1253 3988 rationum

116 4010 297 4079 edendarum
326 4029 402 4078 onus
431 4012 594 4093 impositum
624 4019 723 4076 estet
752 4014 882 4076 rationes
902 4011 1016 4074 merito
1050 4010 1253 4093 „argentariae

116 4098 312 4195 professionis
334 4098 591 4168 instrumentum“
601 4104 744 4160 vocantur
767 4096 786 4158 1.
802 4097 833 4172 6,
855 4096 958 4160 9eod.
980 4097 1114 4160 Minores
1137 4096 1253 4196 quidem

116 4185 276 4267 argentarii
305 4190 388 4263 sunt,
418 4185 470 4264 qui
491 4201 551 4246 nan
566 4183 700 4282 'proprio
724 4181 778 4246 sed
806 4184 954 4262 majorum
983 4185 1101 4247 nondne
1123 4183 1253 4248 rationes

120 4278 204 4334 aetus
227 4231 391 4335 coniciunt’.
435 4267 495 4335 Sed
517 4269 645 4350 majores
668 4285 755 4348 quum
778 4286 847 4349 pra
855 4268 911 4332 iilis
933 4273 1099 4348 teneantur,
1120 4268 1253 4332 edendae

117 4356 205 4422 etiam
231 4357 287 4424 bae
315 4357 458 4438 rationes
501 4352 550 4423 Sia
581 4353 720 4418 dominns
746 4355 942 4436 argentariae
967 4357 1125 4438 opponitur
1153 4371 1254 4432 ιιιιο,
