2866 5008
593 325 803 390 ..49..

127 503 193 550 rem
224 488 419 570 pronunciare
449 489 591 572 deberet,
630 497 708 577 quod
738 499 965 583 extrajudicialis
995 500 1087 566 debiti
1115 503 1264 576 confessio

128 573 298 656 chirografo
320 577 432 640 inesset
438 597 448 654 3
470 597 568 660 neque
589 579 657 644 ideo
681 584 878 666 chirografum
901 587 1016 667 plenam
1038 588 1128 653 debiti
1149 593 1263 672 proba·-

127 660 237 722 tionem
260 665 408 740 continet,
438 664 491 726 scd
521 665 728 749 allegationem
757 678 890 750 tantum,
913 691 989 754 quae
1011 673 1048 736 ad
1070 675 1264 758 incipiendam

125 743 207 807 litem
221 746 360 812 sufficiat.
394 748 453 812 Sed
475 758 578 815 nostro
596 756 666 835 jure
689 755 774 836 plane
798 757 902 840 eodem
926 778 999 822 casu
1021 777 1103 823 reum
1125 765 1264 844 neputiec

129 829 208 893 litem
239 835 400 898 contestari
428 839 641 920 ppaesuruitur3
671 841 770 922 itaque
799 845 944 907 sententia
966 846 1012 908 illa
1036 850 1262 928 „exceptionem
1361 865 1371 878 ⁸

124 934 187 980 uon
209 929 378 984 numeratae
399 923 546 1004 pecuniae
567 943 711 1006 expresse
729 929 933 1009 opperiendam
949 929 1037 993 esse“
1062 951 1102 995 ex
1124 935 1262 1015 opinione

124 1005 243 1085 vulgata
264 1007 490 1071 existimantium
514 1009 609 1088 ,illam
631 1031 734 1075 acram
756 1032 825 1078 essa
843 1016 1067 1096 exceptionem“
1092 1025 1157 1082 orta
1172 1021 1262 1084 vide-

124 1095 173 1152 tur
188 1109 265 1154 esse.
299 1093 383 1156 Unde
403 1093 559 1176 chirograli
581 1097 625 1160 vis
647 1099 817 1179 perficiendi
839 1102 1010 1170 contractus
1033 1120 1050 1165 a
1072 1106 1181 1168 noscis
1204 1106 1262 1170 de-

124 1175 298 1241 ducebatur.
342 1173 401 1244 Sed
422 1189 614 1262 posteaquam
637 1183 794 1260 Maurorus
818 1194 848 1250 et
868 1186 1033 1266 Pfeilferu's‚
1056 1191 1261 1272 exceptionem

121 1261 199 1324 illam
219 1263 339 1335 ndnime
362 1283 446 1344 esse,
468 1267 685 1336 evidentissime
706 1273 883 1353 probarunt:
905 1275 1014 1338 rectius
1036 1283 1134 1355 esset,
1162 1278 1188 1340 si
1209 1279 1260 1360 ju-

123 1347 198 1411 dicis
220 1348 319 1413 officio
341 1351 388 1413 illa
410 1353 612 1417 contineretur
635 1357 772 1438 neque'a
796 1377 867 1438 reo,
889 1359 1175 1444 ut'expresse1eam
1199 1365 1258 1427 ob-'

116 1435 244 1517 Jieeret,
265 1444 452 1516 posceretur.

210 1521 358 1586 Gneistius
373 1523 478 1586 merito
493 1525 609 1606 quidem
618 1529 782 1608 confltetur,
800 1531 1044 1612 ,exceptionem“
1057 1534 1132 1596 illam
1139 1553 1259 1618 semper

120 1607 153 1669 in
174 1605 303 1672 lontibus
325 1610 473 1690 appellari,
494 1611 617 1698 adjectis
633 1616 733 1678 verbis
755 1617 785 1678 in
807 1617 1032 1698 exceptionibus
1051 1621 1258 1699 usitatissimis,

120 1693 212 1756 veluti
227 1695 432 1775 ,opponere“,
455 1697 616 1780 alpicum,
642 1699 743 1779 ,dari“
757 1699 795 1784 (a
806 1698 975 1784 praetere),
994 1723 1047 1780 ,sc
1061 1705 1156 1768 tucri“
1171 1703 1257 1788 (cum

118 1775 209 1862 abl),
234 1781 350 1860 „locum
373 1781 514 1862 habere“,
539 1787 759 1866 ,competere“,
786 1789 847 1868 ,uti
865 1789 975 1869 posse“
995 1787 1188 1876 (cumabl.);
1210 1795 1258 1856 si·

117 1865 228 1928 militer
248 1885 360 1948 graece
383 1867 612 1952 1,ποιροιγροιφήνίΰ
637 1891 702 1935 curn
724 1871 864 1937 similibus
878 1875 988 1937 verbis.
1022 1875 1080 1938 Sed
1098 1878 1163 1957 ipse
1178 1896 1256 1942 con-

118 1951 215 2029 cedit,
236 1954 370 2034 piurimis
396 1955 471 2018 locis
490 1957 545 2019 illis
568 1957 606 2020 dc
627 1959 799 2042 chirografo
823 1980 894 2023 cum
920 1962 1098 2040 totcrpoetrc
1124 1963 1256 2044 stipulo·

117 2039 202 2100 tioac
222 2040 281 2122 agi,
303 2041 322 2100 i.
345 2059 373 2103 e.
396 2040 433 2102 de
456 2045 631 2122 exceptione
653 2045 722 2122 doli,
744 2053 775 2108 et
797 2047 833 2109 ab
856 2045 910 2109 hac
932 2046 1048 2110 demum
1071 2051 1255 2130 exceptionis

118 2142 229 2187 nornen
251 2125 289 2188 ad
310 2127 449 2207 simplicia
471 2130 589 2202 (nude)
603 2131 779 2210 *chirografo
800 2151 892 2196 sensu
912 2133 1080 2212 improprio
1103 2136 1254 2200 hausisse.

121 2211 298 2292 chirografo
320 2213 418 2294 igitur,
441 2216 575 2294 quamvis
597 2215 758 2278 formaliter
776 2236 837 2279 nou
853 2218 1050 2292 contrahatur,
1073 2221 1184 2283 actoris
1204 2227 1254 2283 ta-

119 2315 189 2360 meu
211 2297 313 2360 melior
335 2298 468 2361 redditur
489 2300 634 2364 condicio.
678 2302 764 2376 Quod
786 2304 811 2364 si
833 2305 949 2365 minime
971 2305 1174 2384 interpositum
1198 2309 1253 2385 esi,

115 2401 154 2446 ne
181 2403 328 2464 expresse
351 2385 479 2464 guidem
506 2386 557 2459 ,de
576 2405 635 2448 non
664 2395 816 2452 numerata
843 2388 968 2468 pecunia
997 2407 1079 2452 reum
1109 2392 1250 2473 excipere

113 2492 241 2538 necesse
271 2481 332 2536 est:
363 2471 446 2537 actor
474 2490 595 2552 semper
617 2479 647 2535 et
668 2474 696 2535 in
720 2491 808 2536 omne
831 2473 1097 2554 tempus-futurum
1118 2485 1251 2540 mutuum

113 2563 241 2642 probare
257 2561 353 2622 debet.
387 2557 555 2636 Ediverso,
578 2559 643 2639 ipso
666 2558 837 2640 chirografo
859 2559 976 2623 debitor
1000 2579 1053 2640 ,se
1076 2561 1248 2646 accepisse“

112 2647 280 2725 confitetur,
302 2654 332 2708 et
353 2652 432 2709 stare
455 2643 578 2707 deberet
600 2646 779 2709 confessioni
801 2664 890 2723 suae,
913 2647 968 2709 nisi
989 2649 1128 2728 acceptio
1150 2649 1198 2712 illa
1219 2655 1250 2712 et

110 2733 234 2798 benef
239 2734 354 2796 icium
376 2730 563 2796 revocandae
585 2732 782 2795 confessionis
805 2740 908 2796 contra
933 2734 1085 2813 proprium
1114 2734 1179 2797 eius
1200 2734 1250 2798 fa-

20 2835 22 2840 ·
108 2827 190 2882 ctum
209 2819 237 2882 ei
253 2818 391 2894 daretur3
413 2817 467 2881 sed
482 2818 573 2896 ipsius
596 2817 732 2880 benehcii
753 2817 819 2880 finis
841 2819 1003 2897 paucorum
1024 2837 1170 2883 annorum
1192 2827 1247 2884 est

137 2918 142 2922 ·
198 2905 302 2984 Neque
331 2906 395 2983 ipse
425 2902 574 2965 Gneistius
603 2920 631 2980 p.
653 2902 719 2964 404
738 2901 973 2983 ,exceptionisf‘
1005 2922 1114 2968 nornen
1143 2913 1248 2970 nostro

107 3007 183 3056 casu
206 2997 351 3069 tamquam
369 2989 501 3067 proprio
522 3005 613 3048 sensu
642 2986 800 3050 adhibitum
830 2987 979 3068 explicare
1008 2998 1058 3052 aut
1088 2989 1249 3054 defendere

104 3083 219 3162 potest.
264 3071 351 3146 Quod
373 3073 450 3134 cuim
471 3071 621 3152 distinguit
629 3068 644 3133 ε’
681 3072 808 3154 ,flegeo
833 3073 997 3136 miiudliche
1025 3073 1248 3137 Darleheussti·

103 3162 276 3246 pulatiouen
298 3161 337 3222 ist
357 3159 402 3222 sie
424 3159 491 3220 eine
509 3157 609 3220 wahre
623 3156 768 3232 Einrede3
790 3175 889 3238 gegen
911 3156 1047 3218 einfache
1061 3157 1246 3222 Darlcbeusss

105 3246 337 3314 schuldscbeine
359 3245 407 3306 ein
421 3242 729 3316 Beweisbenelicium3
752 3260 852 3324 gegen
874 3241 1050 3304 schriftliche
1064 3241 1247 3308 Darleheus-

106 3337 232 3403 scheine
254 3335 304 3396 mit
319 3330 374 3394 ilar
387 3327 688 3412 stipulationsktauset
710 3327 812 3390 beides
834 3326 1002 3408 zugteictr,
1023 3327 1157 3395 seeundo
1178 3328 1246 3398 loeo
1300 3362 1303 3368 ·

107 3439 213 3486 casum
243 3425 379 3483 nostrum
404 3415 534 3498 profert,
564 3415 768 3494 exceptionem
794 3414 824 3476 in
845 3413 896 3476 illo
918 3413 983 3494 ipso
1005 3411 1056 3496 cip
1077 3409 1247 3498 ducppupfcu

107 3527 170 3573 uon
192 3498 262 3569 esse
283 3502 338 3568 sed
360 3502 544 3578 beneficium,
567 3502 631 3581 ipse
653 3499 819 3564 confessus
971 3509 973 3512 ’
1185 3551 1188 3556 .

196 3592 330 3672 Denique
347 3588 494 3653 Gneistius
509 3586 656 3668 ‘querelae
677 3585 755 3648 illius
776 3584 1043 3665 praescriptionem
1059 3585 1144 3668 parui
1164 3593 1244 3648 tem-

2 3705 3 3726 1
106 3679 193 3763 poris
212 3677 377 3741 sententiae
395 3680 516 3738 nostrae
532 3673 640 3754 objicit.
673 3671 733 3736 Sed
748 3670 936 3750 'beneficium
958 3669 1060 3748 credo,
1083 3670 1245 3734 remedium

2 3757 3 3816 l
105 3765 178 3830 illud
202 3771 265 3842 est,
286 3762 336 3824 ubi
357 3767 460 3822 eontra
486 3755 693 3840 chirografum,
715 3773 774 3836 quo
797 3758 861 3836 quis
883 3756 1011 3818 debiturn
1039 3758 1174 3835 agnoseit
1195 3755 1244 3819 uel

106 3851 261 3930 accepisse
282 3866 317 3910 se
340 3845 423 3920 dicit,
452 3844 598 3924 competit.
642 3841 743 3922 ltaque
764 3841 957 3938 praescriptio
978 3841 1026 3901 illa
1047 3839 1243 3937 inventae-st,
1359 3910 1362 3916 ,

2 3967 3 3980 κ
105 3955 148 4000 ue
170 3937 200 3996 in
223 3933 322 3998 odium
345 3929 501 3992 creditoris
531 3926 703 3990 beneficium
732 3925 873 3988 debitoris
902 3931 984 3986 esset
1012 3940 1089 3984 neve
1117 3923 1243 4006 malthae

106 4039 199 4086 causa
220 4016 268 4082 hio
290 4035 328 4080 eo
343 4016 521 4078 abuteretur.
565 4013 674 4074 Tamen
696 4028 734 4074 eo
756 4008 900 4070 beneficio
923 4007 1088 4070 continetur
1110 4014 1141 4070 et
1168 4025 1242 4107 spe-

107 4115 215 4183 ctatur,
237 4111 270 4167 ut
290 4101 426 4186 negative
448 4098 536 4161 liceat
557 4097 637 4160 litem
660 4093 830 4171 contestari,
852 4095 984 4172 quamvis
1005 4095 1092 4156 antea
1113 4092 1242 4158 debitum

106 4193 137 4255 in
162 4190 242 4253 litem
265 4187 422 4250 deductum
444 4184 509 4266 ipso
532 4182 699 4264 chirografo
721 4179 846 4259 positive
861 4185 1042 4243 contestatus
1064 4181 1111 4242 sit.
1140 4179 1241 4278 ltaque

107 4274 198 4340 etlam
220 4281 306 4337 extra
322 4270 432 4355 judicia
452 4267 624 4332 beneficium
647 4266 783 4328 exerceri
804 4271 920 4345 potest,
944 4282 986 4327 ue
1006 4266 1241 4347 praescriptione

107 4363 313 4446 aufugantur:
334 4356 471 4441 negativa
485 4359 582 4422 autem
596 4367 715 4434 semper
729 4350 902 4417 contestatio
919 4355 975 4434 est,
998 4367 1055 4435 qua
1064 4347 1239 4502 gbirogralo
