2866 5008
619 299 841 364 ...6823

240 473 353 553 Quodsi
370 477 471 561 jussus
491 472 611 557 probari
632 473 760 554 nequit,
788 487 860 536 reus
888 469 1003 552 prolato
1025 466 1129 534 codice
1151 467 1298 533 actionem

156 564 291 645 infirmat,
312 564 342 627 in
365 581 424 644 quo
445 561 523 625 idem
546 561 675 624 debiturn
697 566 853 641 acceptum
875 557 999 623 relatum
1021 573 1081 620 non
1103 573 1172 624 esse
1191 561 1298 620 osten-

157 651 215 715 dit:
236 669 300 736 urg.
322 669 341 714 a
362 656 455 713 contr.
484 647 544 712 Cic.
573 649 602 711 in
633 648 718 711 verr.
741 645 763 728 l,
787 644 846 725 39,
878 643 941 707 102
971 644 990 706 i.
1012 641 1053 720 l.;
1083 641 1121 706 ei.
1152 640 1211 706 cic.
1241 658 1297 722 pro
1422 679 1423 718 3

157 737 246 804 Reno.
268 737 349 800 Corn.
372 736 396 814 l,
419 735 454 797 1:

247 836 379 920 „Quodsi
401 835 676 919 ilesunsproieret
697 834 822 912 tubulas,
844 831 978 916 proferet
993 850 1063 898 suas
1088 849 1209 916 quoque
1233 829 1299 894 lio·

158 927 250 993 scius.
283 923 345 990 Erit
368 924 397 986 in
419 923 496 988 iilius
519 922 625 988 tabulis
646 923 704 986 boc
725 939 847 985 nomen:
870 927 900 984 at
921 921 951 982 in
973 920 1060 995 buius
1078 936 1138 982 non
1153 919 1217 982 erit
1241 917 1300 980 Gur

162 1013 263 1095 potius
285 1010 378 1089 iliius,
407 1027 494 1090 quarn
525 1009 611 1072 buius
641 1007 804 1073 credetur?
830 1041 868 1055 -
892 1005 1065 1087 Scripsisset
1091 1004 1156 1085 ille,
1185 1005 1211 1068 si
1239 1021 1298 1067 non

154 1099 244 1183 jussu
266 1096 353 1162 buius
376 1113 540 1177 expensum
562 1091 700 1160 tulisset?
724 1129 766 1140 -
788 1093 853 1157 Non
876 1093 1045 1174 scripsisset
1066 1090 1121 1171 bic,
1144 1089 1224 1172 quod
1243 1089 1299 1154 sibi

158 1201 326 1270 expensum
348 1183 422 1246 ferri
444 1181 633 1265 jussissetl‘

248 1287 348 1361 Quare
370 1303 440 1350 reus
463 1284 513 1348 illo
538 1302 612 1348 casu
635 1281 767 1348 codicem
791 1300 850 1347 non
873 1281 1039 1363 proterens,
1060 1281 1186 1358 luetur,
1207 1295 1299 1343 acce·

158 1379 241 1456 ptum
273 1389 308 1438 se
337 1373 473 1438 renuisse
503 1373 535 1432 et
562 1370 825 1452 expensilationonr
851 1369 943 1452 ipsius
968 1371 1055 1452 jussu
1084 1366 1190 1430 lacurn
1220 1379 1299 1432 esso.

160 1455 332 1540 ,Positiva“
356 1459 463 1541 igitur,
494 1475 571 1537 quae
601 1451 724 1535 dicitur,
755 1458 784 1518 in
808 1475 844 1518 ea
867 1473 901 1518 re
922 1454 980 1518 litis
1009 1449 1183 1518 contestatio
1205 1453 1300 1534 posita

160 1553 217 1626 est,
239 1561 333 1696 quugn
355 1546 501 1610 notionem
523 1561 594 1608 reus
617 1544 742 1624 eiusque
764 1541 986 1606 fundamentum
1008 1539 1167 1604 concedat:
1191 1539 1300 1603 citiic.

159 1633 181 1696 l.
204 1649 231 1696 c.
253 1633 276 1710 l,
322 1678 329 1694 .
1143 1659 1145 1664 ·

250 1733 281 1796 11.
318 1734 442 1798 Debitor
465 1735 561 1797 tamen
585 1740 614 1795 ct
636 1751 815 1797 consensum
843 1739 878 1794 et'
895 1732 1008 1812 accepti
1029 1729 1201 1794 relationem
1224 1747 1301 1794 con-

161 1819 274 1886 cedere
297 1826 414 1900 potest,
444 1819 531 1882 rnodo
554 1819 682 1882 infirmet
699 1821 849 1902 ,actionem
879 1818 1101 1899 probationibus
1122 1816 1232 1895 allatis,
1262 1834 1302 1878 ex

132 1943 135 1960 ·
162 1905 248 1970 nuda
268 1907 529 1984 inpostooe‘cansc
546 1912 729 1968 contractum
745 1905 909 1986 perlectum
926 1923 1012 1967 esse:
1034 1904 1219 1986 ergoipsum
1231 1919 1301 1985 esse

160 1995 284 2056 menen
306 1987 448 2073 (propter
470 1999 613 2053 recoctam
642 1997 816 2053 contractus
844 2009 960 2056 causern
982 1983 1184 2064 deficientem
1212 1987 1302 2050 veluti

162 2077 241 2161 apud
263 2075 325 2140 Val.
349 2077 427 2140 Man.
451 2073 522 2155 vttt,
541 2077 582 2150 2,
606 2077 642 2156 2,
665 2077 715 2140 ubi
736 2071 877 2142 stipulatu
899 2076 988 2152 debiti
1010 2094 1116 2156 causa,
1145 2091 1204 2138 non
1226 2092 1302 2137 ocra

162 2170 220 2246 est,
243 2169 283 2245 ot,
304 2179 383 2243 ‘quac
405 2163 621 2244 &cumulatum
646 2164 742 2242 turpis
764 2159 839 2252 est).
997 2167 999 2174 ‘
1092 2161 1094 2168 ’
1190 2237 1196 2244 ,

210 2271 225 2278 ’“
249 2266 293 2330 tlt
330 2266 512 2331 consensum
535 2269 639 2346 etiarn,
670 2269 783 2348 accepti
806 2266 981 2331 relationem
1002 2274 1033 2328 et
1050 2269 1160 2349 justam
1182 2280 1302 2328 onumen

166 2352 285 2420 debitor
306 2354 474 2432 concedere
498 2361 612 2435 potest:
642 2355 699 2434 ipsi
722 2362 819 2416 tannen
843 2371 949 2416 causae
979 2351 1108 2416 creditor
1130 2370 1190 2426 non
1212 2351 1303 2414 satis-

165 2436 240 2504 fecit
263 2436 310 2521 (v.
333 2439 557 2520 llleyerfeldium
579 2459 627 2521 pp.
653 2439 723 2502 164.
749 2435 851 2522 165.),
874 2440 912 2504 ita
936 2445 968 2504 ut
989 2457 1025 2504 ro
1046 2444 1229 2504 nonseeuta
1244 2435 1304 2500 de-

165 2525 257 2590 bitori
278 2526 384 2587 incerti
407 2525 554 2590 condictio
577 2525 614 2588 ad
637 2525 829 2604 liberandum,
852 2532 911 2605 aut,
933 2527 960 2588 si
976 2526 1039 2607 jaun
1062 2541 1132 2588 reus
1155 2525 1304 2590 constitu-

69 2660 72 2665 «
166 2611 292 2688 tussit,
321 2611 469 2696 exceptio
489 2610 549 2676 doli
579 2617 734 2690 competat.
778 2611 820 2680 Ea
850 2619 896 2674 est
926 2612 1084 2694 literarum,
1103 2611 1242 2693 obligatio
1265 2607 1304 2670 ob

167 2713 294 2759 causum
316 2702 483 2774 contracta,
513 2715 580 2760 narn
604 2697 792 2764 condicionis
814 2705 864 2760 aut
885 2698 946 2758 dici
966 2697 1165 2780 adjectionem
1187 2701 1306 2778 paetum

167 2781 240 2846 iliud
262 2780 414 2844 continere
438 2784 549 2864 nequit,
572 2801 659 2866 quum
683 2783 876 2863 expensilatio
898 2784 1045 2864 legitimus
1061 2789 1146 2846 aetus
1166 2785 1213 2846 sit
1242 2780 1308 2842 Pa·

170 2875 251 2932 ctum
277 2868 368 2949 igitur
396 2867 572 2958 adjectum,
589 2869 721 2950 quamvis
751 2887 810 2950 non
833 2870 888 2950 ipsi
918 2869 1145 2949 expensilationi
1166 2869 1307 2947 scriptum
1426 2877 1427 2956 ζ

168 2953 252 3033 insit,
272 2954 340 3033 quia
364 2956 526 3017 contractui
547 2957 576 3017 in
600 2957 758 3018 continenti
781 2954 925 3038 adjectum
947 2963 1001 3034 est,
1025 2974 1064 3018 eo
1078 2956 1143 3036 ipso
1159 2953 1308 3016 actionem

169 3040 255 3122 parit.
299 3039 395 3110 Actor
416 3039 518 3129 igitur,
541 3042 590 3121 qui
612 3059 652 3104 ex
673 3059 728 3104 sua
750 3049 834 3121 parte
857 3047 973 3121 pactum
996 3059 1055 3103 non
1078 3040 1226 3120 implevit,
1246 3031 1308 3099 ex'-

171 3125 308 3206 ceptione
332 3125 391 3216 doli
413 3127 479 3190 mali
501 3127 671 3208 repellitur,
699 3129 832 3212 quemvis
854 3134 1024 3200 contractus
1041 3128 1121 3208 justa
1144 3143 1234 3198 ceusa
1256 3125 1310 3186 ni-

169 3217 265 3275 tatur:
284 3214 396 3294 justam
419 3215 495 3276 enim
518 3232 653 3291 causarn,
687 3214 736 3296 oui
757 3215 822 3294 ipse
844 3231 904 3277 uon
925 3213 1122 3294 satisfecerit,
1150 3213 1186 3274 ad
1209 3229 1310 3293 ogen-

171 3297 240 3361 durn
261 3297 318 3360 sibi
340 3297 487 3378 prodesse
509 3300 654 3376 immerito
678 3299 845 3370 contendit..
881 3299 933 3360 His
955 3299 1045 3380 igitur
1067 3297 1185 3362 casibus
1206 3298 1309 3376 stipu-

121 3445 124 3450 ,
169 3380 311 3443 lurionem
333 3381 509 3466 exceptione
533 3381 592 3447 doli
614 3381 682 3446 mali
704 3383 844 3446 inlirrnari
857 3383 997 3463 Ulpianus
1011 3380 1090 3464 dicit,
1112 3385 1196 3448 cuius
1214 3381 1311 3446 verba

171 3465 209 3530 ad
230 3465 378 3531 literarum
400 3469 611 3551 obligationem
628 3469 700 3550 Jore
722 3467 916 3550 applicamus:
1057 3495 1058 3501 ¹

258 3569 293 3631 b.
316 3569 354 3644 2,
375 3571 397 3630 3
418 3573 456 3634 dc
477 3573 536 3646 dot
560 3572 628 3634 mol.
654 3579 682 3634 ct
702 3579 767 3636 mot.
791 3591 875 3634 ceca
905 3573 963 3652 ,si
985 3573 1050 3654 quis
1071 3574 1136 3646 sin'e
1157 3588 1248 3636 causo
1268 3569 1314 3634 ab

171 3654 271 3735 aliquo
294 3653 382 3720 fuerit
403 3657 568 3736 stipulatus,
589 3658 699 3721 deinde
721 3677 760 3720 ex
782 3677 821 3721 en
840 3659 1026 3740 stipulatione
1048 3659 1227 3740 experiatur,
1248 3673 1312 3718 ex-

173 3741 271 3822 ceptio
294 3741 395 3822 utique
417 3740 482 3814 doli
498 3742 566 3806 meli
590 3744 617 3804 ei
639 3744 757 3806 nocebit
764 3762 774 3819 ;
803 3744 875 3807 licet
899 3745 980 3807 enirn
1009 3762 1048 3808 eo
1068 3751 1218 3826 tempore,
1244 3755 1312 3821 'quo

172 3827 376 3909 stipulabatur,
395 3827 472 3890 nihil.
489 3826 558 3892 dolo
580 3827 657 3890 malo
680 3827 839 3908 admiserit,
863 3838 959 3892 tomen
980 3829 1136 3902 dicendum
1151 3836 1208 3908 est,
1229 3844 1313 3906 eunt,

173 3930 264 3994 quom
284 3914 366 3982 litem
385 3919 579 3992 contestatur,
602 3914 670 3980 doio
692 3915 804 3993 fucere,
825 3914 876 3996 qui
897 3923 1075 3996 perseveret
1094 3933 1133 3978 ex
1153 3933 1190 3978 ea
1211 3913 1313 3998 stipu-

173 3997 284 4074 latione
306 4005 439 4080 petere„
464 3998 501 4064 Et
523 4000 566 4076 si,
588 4019 677 4081 quum
701 4002 956 4082 interponeretur,
981 4005 1091 4085 justam
1112 4017 1230 4064 coucam
1251 3999 1315 4060 ba·
1426 4043 1427 4064 r

173 4083 248 4162 buit,
270 4091 366 4156 tamen
386 4102 467 4151 nunc
488 4085 596 4152 nubam
616 4087 754 4158 idoneam
775 4103 895 4156 causam
909 4087 1021 4152 bebere
1037 4084 1315 4151 videtur-*Pro-
1426 4113 1427 4148 r

173 4167 251 4242 inde
263 4175 295 4232 et
310 4170 343 4233 si
365 4169 536 4250 crediturus¹
551 4173 707 4251 pecuniam
726 4172 881 4253 stipulatus
903 4181 960 4251 est,
981 4190 1039 4236 nec
1058 4171 1201 4252 eredidit,
1230 4169 1315 4233 etsi
1426 4189 1427 4226 t

174 4260 257 4318 certa
272 4253 333 4316 ,init
355 4271 445 4342 causa
459 4256 672 4337 stipulationis,
694 4277 770 4338 quae
793 4266 890 4322 tamen
912 4267 1043 4322 autnon
1065 4263 1239 4336 estsecuto,
1258 4259 1316 4317 aut

173 4337 256 4406 finita
278 4347 334 4423 est,
356 4337 513 4406 dicendum
536 4343 602 4425 erit,
623 4360 736 4408 nocere
757 4339 992 4426 exceptionems‘.
1038 4377 1042 4384 ,
1148 4343 1168 4370 ²
1426 4337 1427 4348 ³
