2866 5008
667 285 880 352 ηε...-

199 463 310 529 riorum
333 479 439 546 operas
461 460 620 526 vertissent
642 479 740 544 neque
761 477 897 543 unquam,
921 457 1022 540 credo,
1044 465 1123 524 tanta
1145 455 1261 545 argenti
1283 479 1343 544 pe·

202 551 285 616 nuria
315 549 429 652 plebem
453 551 589 630 cepisset.
633 548 691 612 Sed
714 550 801 610 etiam
823 549 849 612 si
872 549 1017 630 cepisset,
1046 565 1105 612 non
1128 566 1205 630 opus
1227 547 1342 628 inisset,

202 645 235 700 ut
256 638 392 700 mensarii
417 642 603 714 crearentur,
626 635 679 700 sed
702 635 823 717 privatis
846 635 1020 716 argentariis
1043 635 1101 697 id
1094 653 1188 716 ipsum
1213 635 1342 732 cilicium

203 725 341 788 committi
363 723 515 804 potuisset.

288 808 457 886 Ediverso,
479 807 611 889 publicos
631 809 794 872 mensarios
817 807 882 870 illos
905 824 1022 870 causam
1046 813 1076 868 et
1099 807 1262 889 exemplum
1286 807 1343 871 de-

206 895 286 959 disse
309 895 479 958 instituendi
501 895 575 957 certi
594 895 714 958 ordinis
736 895 970 976 argentariorum
982 912 1049 956 curn
1065 892 1185 957 definito
1208 913 1342 974 numero,

202 982 259 1044 sub
282 981 398 1062 publiea
421 999 502 1058 cura,
525 980 554 1042 in
578 981 694 1061 publiea
717 979 784 1058 lide,
806 997 873 1043 cum
896 981 985 1044 certis
1000 979 1175 1062 privilegiis:
1199 999 1289 1059 quum
1306 999 1342 1044 eo

203 1067 339 1146 allicitur,
362 1065 441 1149 quod
463 1073 542 1130 tauta
564 1068 678 1148 argenti
700 1067 822 1147 penuria
845 1083 992 1147 uunquam
1014 1072 1119 1146 postca
1133 1066 1245 1130 Romae
1261 1068 1344 1129 enti·

204 1155 246 1231 tit,
268 1162 329 1220 tum
352 1171 389 1218 co
413 1154 548 1228 maxime,
572 1152 651 1232 quod
673 1160 843 1234 praeterunt
865 1152 986 1230 edictis,
1009 1169 1069 1215 non
1093 1153 1186 1215 reteri
1204 1155 1274 1237 jure
1296 1155 1342 1216 ei-

201 1201 278 1304 visi
269 1259 316 1325 pus
339 1259 426 1305 omne
449 1240 486 1303 de
508 1239 682 1322 argentariis
704 1240 892 1303 constitutum
915 1245 969 1302 est.

287 1327 387 1390 Liuius
418 1324 569 1407 quidem'
559 1343 588 1386 rn
609 1324 777 1388 delinienda
807 1343 882 1388 voce
914 1324 1117 1406 „mensarius“
1149 1325 1186 1388 ad
1211 1331 1342 1390 veterem

202 1412 294 1479 illum
305 1412 509 1496 ,adpendendi
531 1411 631 1474 ueris“
654 1430 766 1475 morem
795 1411 911 1474 videtur
940 1431 1005 1475 eam
1027 1412 1158 1491 referre,
1187 1411 1242 1474 sed
1267 1414 1341 1476 mele

202 1499 383 1582 publicarum
406 1499 551 1561 rationum
572 1497 686 1560 illarum
709 1517 726 1560 e
749 1499 868 1580 privatis
888 1499 1031 1580 originem
1054 1497 1342 1580 eosignilicari31n

205 1587 249 1649 bis
273 1588 350 1650 enim
373 1584 475 1650 similis
492 1583 717 1666 ,expendendi“
734 1604 794 1648 vox
809 1585 873 1650 usui
889 1587 967 1648 ueris
982 1591 1136 1667 superstes
1152 1591 1228 1647 erat.
1259 1585 1343 1647 Unda

208 1674 257 1752 qui
280 1675 332 1736 toti
355 1674 513 1739 obaeratas
529 1671 606 1751 plebi
628 1672 768 1753 pecunias
792 1670 979 1753 ,exponier
999 1671 1222 1753 ,dispensator“
1239 1673 1342 1734 merito

202 1767 336 1823 vocatur.
370 1759 508 1822 Similiter
524 1775 583 1820 vox
608 1757 792 1836 ,occemund
817 1766 971 1839 superstes
994 1776 1033 1818 en
1055 1758 1105 1821 illo
1128 1765 1261 1838 ternpore
1282 1765 1342 1830 est3

205 1851 236 1908 et
260 1845 393 1924 ,aeraria
413 1842 508 1906 ratio“
533 1861 588 1924 pro
611 1843 727 1923 collybo
750 1844 825 1924 apud
840 1843 1012 1908 Ciceronem
1028 1861 1083 1924 pro
1098 1843 1280 1922 Quinctiod,
1305 1840 1343 1906 l'l

206 1938 312 2010 exstat,
335 1930 469 2010 quamvis
491 1929 625 2012 collybus
648 1947 716 1992 esse
738 1948 796 1992 non
820 1931 914 2011 possit
937 1931 992 1994 nisi
1014 1930 1186 2010 incivitate,
1208 1931 1293 1994 cuius
1315 1930 1342 1992 in

207 2035 292 2079 usum
315 2017 499 2080 diversorum
523 2034 666 2097 generum
690 2020 798 2079 nummi
821 2017 963 2079 venerint.

232 2141 235 2148 ι
294 2102 433 2166 Mensarii
455 2109 551 2166 autem
575 2101 650 2184 apud
673 2101 784 2166 Livium
806 2103 894 2184 plane
916 2102 1001 2164 simili
1023 2101 1186 2184 iunguntur
1212 2119 1343 2182 munere,

207 2187 287 2269 quali
309 2196 414 2272 postea
429 2190 613 2270 ‘argentarii3
635 2193 746 2270 peciam
768 2191 844 2252 enim
860 2197 928 2252 sunt
944 2190 1020 2251 inter
1036 2187 1212 2253 creditorem
1235 2195 1266 2250 et
1288 2188 1342 2250 de-

168 2299 182 2320 ·
205 2276 349 2356 bitorcm,
375 2275 513 2340 solvendi
542 2275 633 2338 debiti
666 2294 755 2338 eausa
784 2276 957 2356 interpositi.
1003 2274 1106 2336 Omnia
1135 2275 1226 2356 igitur
1248 2274 1342 2337 debita

206 2363 399 2444 persolvunt,
427 2381 551 2444 quorum
573 2363 691 2425 nomina
716 2361 864 2444 ,populo“
890 2367 1008 2425 cautum
1032 2368 1094 2436 est3
1122 2361 1218 2424 rectia
1247 2367 1342 2424 autern

205 2450 302 2512 cautio
326 2449 454 2512 debebat
477 2467 555 2526 esse,
579 2467 667 2529 quum
691 2449 827 2529 alioquin.
846 2447 997 2531 ,jactura.“
1011 2445 1157 2528 proiecto
1180 2447 1224 2509 rei
1247 2447 1345 2528 publi·
1411 2449 1412 2460 ³

206 2551 258 2596 cae
274 2535 350 2598 'inde
373 2536 537 2608 extitissct3
559 2553 625 2597 eum
648 2536 743 2614 ipsum
766 2534 901 2598 solvendi
924 2534 1137 2614 pro-cautione
1158 2547 1271 2596 morem
1296 2551 1344 2598 ar-

206 2620 408 2701 gentariorum
429 2627 535 2701 postea
558 2619 650 2681 luisse
673 2626 796 2682 constat.
845 2621 906 2682 Res
937 2620 976 2680 illi
1006 2619 1171 2683 debitorum
1197 2621 1289 2704 justis
1317 2625 1345 2681 et

208 2706 314 2786 aequis
344 2707 446 2788 pretiis
478 2706 686 2779 aestimabant,
715 2707 788 2767 sive.
804 2714 840 2768 ¹ut
868 2704 1062 2769 creditoribus
1093 2724 1144 2768 eas
1167 2706 1345 2770 insolutum

206 2793 329 2872 darent,¹
350 2795 413 2856 siue
436 2799 466 2855 ut
488 2791 608 2872 publice
631 2809 681 2854 cas
703 2791 866 2855 venderent
896 2799 925 2854 et
948 2793 1041 2872 pretia
1065 2791 1259 2856 oreditoribus
1280 2792 1345 2857 sol-

205 2885 321 2941 verent.
366 2879 482 2940 Et-boc
504 2879 622 2958 quidem
645 2878 788 2960 majorem
812 2881 875 2942 veri
896 2880 1026 2960 speciem
1048 2878 1166 2956 babet,
1183 2899 1271 2961 quum
1294 2879 1346 2941 Li·

207 2965 272 3038 uius
294 2965 381 3044 ,sine
404 2965 527 3048 irrjuria“
553 2983 606 3028 eus
634 2966 733 3048 egisse
756 2966 847 3045 dicat,
879 2974 910 3028 et
931 2963 1000 3028 illud
1023 2983 1095 3027 sane
1117 2967 1248 3048 injunium
1270 2983 1346 3028 ccu-

205 3051 369 3130 tiueat,›'si
392 3054 457 3132 quis
479 3069 541 3114 ram
563 3069 617 3131 pro
648 3053 773 3133 pecunia
796 3054 935 3134 accipere
957 3058 1090 3134 cogatur.
1137 3053 1250 3126 Quodsi
1269 3051 1346 3114 'bane

205 3139 475 3220 interpretationem
498 3139 673 3219 accipimus,
695 3139 880 3220 praesidibus
903 3139 1058 3201 mensariis
1081 3138 1216 3219 publicas
1232 3136 1345 3205 illerum

157 3221 159 3224 ’
205 3243 305 3288 rerum
323 3226 508 3300 venditiones
524 3225 615 3288 laetas
631 3243 699 3288 esse
718 3233 856 3308 apparet3
874 3243 1000 3304 quorum
1012 3223 1053 3286 ad
1065 3223 1346 3305 exemplumpustea

207 3313 314 3390 privati
336 3313 494 3392 argentarii
516 3310 592 3373 idem
616 3329 723 3374 munus
745 3317 950 3391 susceperunt.
1226 3361 1229 3368 .

293 3397 366 3458 Post
387 3395 500 3458 cladem
523 3396 707 3459 Cannensem
731 3413 803 3458 vero
826 3395 863 3458 ad
885 3401 1006 3475 accepta
1028 3396 1204 3475 reiereuda,
1226 3413 1286 3460 non
1310 3393 1346 3460 ad

208 3499 340 3564 expensa
362 3481 487 3544 terenda
510 3483 647 3546 mensarii
669 3481 862 3562 creabantur,
884 3499 974 3562 quum
997 3483 1178 3564 respublica
1194 3483 1346 3564 apricatis
1411 3487 1412 3564 ξ

211 3574 560 3648 argentumquaeseret.
606 3568 727 3630 Ascania
749 3575 844 3630 autem
867 3574 995 3648 utroque
1017 3587 1099 3646 casu,
1122 3581 1182 3632 uon
1204 3569 1348 3634 transcri-
1411 3568 1412 3630 l

209 3654 296 3736 pticia
319 3653 437 3717 nentina
459 3653 583 3731 fiebant,
606 3655 714 3734 quippe
737 3669 813 3732 quae
833 3654 1028 3726 solutionibus
1050 3655 1222 3736 inciperent.

517 3851 545 3910 p.
567 3844 609 3902 13.
652 3845 695 3902 De
715 3849 834 3918 priumie
857 3849 1037 3922 argentariis.

293 4001 510 4079 Mensariorum
532 3996 600 4062 inde
624 3998 744 4079 negotis
766 4007 795 4062 ct
817 4016 924 4064 nomen
948 4000 984 4064 ad
1008 4001 1136 4082 privatos
1160 3958 1344 4083 argentarios

208 4074 470 4160 transferebantur,
494 4101 619 4162 quorum
634 4087 883 4148 mensaeitemrn
906 4079 1081 4152 furuerunt
1102 4088 1231 4167 positae.
1255 4087 1345 4160 Plaut.

207 4169 289 4232 Asin.
310 4169 344 4246 ll,
367 4171 399 4246 4,
421 4170 472 4232 22
502 4169 631 4236 Undo'
623 4189 652 4232 m
675 4179 784 4237 tanturn
807 4189 892 4235 usum
915 4173 1063 4239 hominum
1087 4173 1116 4236 bi
1138 4181 1294 4251 venerunt,
1315 4176 1346 4234 ut

206 4255 239 4317 in
260 4255 413 4318 Maniliano
435 4255 570 4318 oratione
594 4256 699 4322 Cicero
722 4259 864 4321 rationem
888 4261 1077 4339 pecuniarum
1099 4259 1260 4324 Romaein
1279 4259 1345 4322 icto

207 4342 327 4408 uersari
344 4341 465 4407 diecret.
510 4342 578 4410 Fosi
600 4353 695 4410 autem
717 4344 813 4409 solum
836 4363 925 4427 quum
946 4345 1095 4428 publicum
1111 4346 1172 4427 sit,
1199 4351 1345 4429 *argenta-
