2866 5008
593 318 791 402 ,η’-’ὲ

5 521 6 524 ¹
126 506 219 556 sensu
240 493 424 556 contractae:
453 491 549 558 forma
578 491 628 572 illa
654 491 723 558 ideo
745 491 871 576 primum
892 491 1010 560 videtur
1031 509 1101 562 esse
1122 491 1263 579 instituta,

126 577 158 640 ut
179 578 308 657 negotia,
332 594 410 658 quae
431 579 512 642 nudo
534 597 685 642 consensu
707 598 766 643 non
788 588 915 660 possent
934 581 1046 662 perfici,
1067 583 1122 646 sed
1137 584 1263 665 stipula-

126 665 236 726 tionem
258 665 462 744 requirerent,
492 666 569 727 inter
590 666 728 728 absentes
749 666 813 729 fieri
834 673 976 747 possent;
1004 665 1072 730 ideo
1095 671 1201 748 etiam,
1229 675 1264 735 ut

125 747 263 832 obligatio
285 767 434 814 consensu
456 757 606 814 contracta
627 750 856 818 interabsentes
871 754 902 816 in
918 754 1068 836 negotium
1081 755 1175 818 stricti
1186 755 1264 838 juris

126 833 329 899 transformari
350 843 461 918 posset.
740 855 749 870 ·

212 920 271 985 Sed
283 921 352 986 licet
366 923 453 986 etiam
464 923 543 986 inter
555 929 729 1004 praesentes
743 925 835 989 literis
847 924 989 1004 contrabi,
1003 926 1088 990 sicuti
1100 942 1263 992 consensu.

126 1003 217 1070 (laius
232 1009 308 1072 emm
323 1027 382 1072 nun
396 1008 480 1072 dicit:
501 1011 635 1088 „absenti
653 1027 816 1092 expensum
830 1013 903 1076 terri
918 1011 1028 1088 dated,
1047 1011 1101 1076 aed
1116 1012 1264 1092 „poterdr

126 1109 184 1156 nea
209 1095 335 1171 ,nemini
358 1095 413 1157 nisi
435 1095 582 1173 absenti“,
604 1095 658 1158 sed
683 1096 847 1176 ,absenti“,
869 1099 939 1160 ia.
963 1099 1067 1177 „ellum
1088 1097 1249 1180 absenti.“¹

208 1179 273 1241 lam
295 1181 321 1242 si
344 1199 519 1261 quaeramus
542 1200 599 1263 qua
622 1181 659 1242 dc
681 1201 769 1247 causa
791 1185 820 1246 in
838 1187 906 1266 jure
926 1184 1057 1247 llornano
1074 1183 1171 1247 nudus
1184 1199 1264 1248 oon-
1330 1175 1336 1188 ’

113 1279 243 1343 -ιοιιιιιι,
265 1265 341 1330 inter
363 1267 504 1330 absentes
525 1267 650 1348 epistola
671 1277 723 1332 aut
737 1269 949 1349 internuncius,
968 1267 1007 1332 ad
1022 1286 1133 1350 paucos
1149 1275 1263 1332 tantum

123 1356 291 1414 contractus
313 1352 510 1434 perficiendos
532 1352 705 1416 suffecerim·
722 1373 776 1416 eae
797 1355 1038 1418 alienationeset
1055 1353 1264 1436 obligationes,

124 1452 179 1515 pro
203 1437 309 1515 quibus
331 1455 458 1518 armum
481 1446 511 1501 at
528 1440 640 1522 justum
662 1441 787 1521 pretium
810 1438 1001 1522 recipiamus,
1031 1439 1122 1502 veluti
1143 1441 1263 1520 emptio

5 1583 6 1586 ,
121 1520 253 1584 venditio
260 1538 271 1597 ;
293 1521 410 1586 locatio
424 1525 598 1604 conductio,
620 1527 765 1605 societas,
786 1526 833 1588 vel
856 1545 892 1588 eu
913 1527 1042 1608 negotia,
1064 1525 1170 1604 quibus
1190 1522 1263 1587 nihil

121 1607 208 1688 plano
231 1608 401 1685 alienemus,
424 1610 515 1672 veluti
537 1611 709 1692 mandatum,
731 1629 791 1674 non
814 1611 967 1674 admodum
990 1609 1155 1690 periculosa
1176 1616 1263 1684 suat;

122 1693 208 1756 sicuti
230 1711 269 1756 oe
291 1711 326 1757 ea
348 1694 484 1774 quidem,
506 1713 584 1775 quae
605 1715 643 1757 rc
662 1698 873 1760 contrabuntur
895 1715 951 1758 nec
967 1697 1098 1759 dormant
1114 1695 1200 1777 juris
1213 1695 1263 1761 ai-

121 1778 186 1842 ailia
208 1781 371 1860 nequinont,
395 1799 483 1862 quum
502 1783 625 1843 materia
649 1781 716 1844 insit
739 1790 772 1843 et
790 1781 914 1846 facultas
930 1781 1046 1862 agendi.
1062 1780 1107 1842 -ln
1123 1780 1167 1842 bis
1182 1781 1262 1844 enim

120 1865 184 1948 ipsa
207 1866 325 1928 datione
348 1868 424 1930 actio
447 1868 483 1929 ad
506 1866 826 1943 reddendunr‘nititur3
849 1869 877 1930 in
897 1868 952 1930 illis
966 1884 1058 1949 agere
1072 1866 1175 1944 aliquis
1190 1873 1263 1928 tunc

121 1951 236 2013 demum
259 1954 383 2031 poterit,
405 1955 432 2018 si
453 1954 516 2032 ipse
538 1955 620 2034 prior
643 1954 853 2035 obligationem
875 1953 1047 2034 impleverit.
1092 1951 1150 2013 illic
1175 1967 1261 2034 ,mas-

120 2037 213 2098 teria“
239 2033 276 2120 (i.
294 2056 320 2100 e.
338 2036 436 2122 datio)
459 2040 557 2124 ipsius
579 2039 777 2121 obligationis
796 2040 847 2101 bio
870 2037 951 2122 (sive
974 2037 1090 2101 iraditio
1113 2037 1179 2098 sive
1201 2035 1261 2100 da·
1371 2043 1372 2046 ’

120 2118 180 2204 tio)
211 2125 400 2186 euocandus
421 2124 556 2188 condicio
579 2126 765 2206 obligationis
788 2133 845 2188 est.
890 2121 973 2198 Quae
994 2123 1116 2187 materia
1139 2138 1262 2185 cessare

119 2207 235 2271 ridetur
257 2209 286 2272 in
312 2209 533 2288 „formalibus“,
554 2217 587 2272 ut
608 2211 667 2272 boo
688 2212 872 2288 uerbofutar,
897 2209 1109 2284 contractibus,
1130 2207 1261 2287 ideoque

118 2293 242 2358 iormam
273 2297 435 2374 requirunt.
480 2295 541 2356 Eae
569 2303 637 2357 sunt
660 2297 871 2376 obligationes,
894 2313 969 2376 qnae
991 2294 1205 2359 alienationem
1221 2293 1259 2362 ab

119 2399 179 2442 una
209 2385 320 2442 tantum
350 2389 433 2461 parte
455 2380 562 2462 iactam
576 2381 758 2455 continents
781 2381 905 2460 quibus,
934 2399 974 2441 ex
998 2386 1100 2442 natura
1123 2383 1210 2440 certa
1229 2382 1262 2438 at

119 2465 213 2528 forma
236 2471 416 2543 contractus,
437 2466 562 2546 pretinm
585 2461 700 2528 videtur
723 2464 840 2527 deesse.
879 2465 961 2538 Quae
983 2465 1099 2545 legibus
1122 2480 1182 2526 non
1204 2480 1260 2524 re-

118 2551 281 2632 probantur
304 2551 438 2631 quidem,
455 2550 509 2614 sed
532 2551 571 2613 ob
585 2551 748 2631 periculum
763 2551 901 2630 insitum,
924 2556 962 2612 ne
979 2550 1090 2612 incuria
1112 2547 1171 2610 tale
1189 2543 1260 2629 quid

119 2638 216 2714 lieret,
237 2636 352 2699 formae
373 2638 510 2704 inventae
532 2642 609 2699 sunt.
640 2637 745 2705 Similis
767 2637 987 2716 mancipationis
1010 2642 1073 2702 erat
1095 2645 1185 2697 causa
1200 2642 1261 2699 tam

120 2720 156 2784 ad
178 2737 229 2784 res
253 2723 377 2803 mancipi
399 2719 567 2786 alienandos
591 2741 676 2804 quarn
692 2722 729 2785 ad
745 2729 919 2785 testamenta
933 2719 1073 2786 iacienda.
1103 2718 1164 2781 lllic
1180 2720 1260 2782 euim

119 2807 147 2870 id
171 2807 426 2889 alienatur,.quod
449 2810 692 2889 pretiosissimum
714 2809 838 2872 Romani
861 2807 1008 2870 ducebant
1026 2823 1121 2880 esses
1135 2805 1182 2866 bic
1197 2806 1260 2868 suis

119 2893 278 2956 heredibus
308 2900 337 2955 et
364 2896 477 2976 agnatis
502 2901 626 2958 testator
648 2893 763 2956 videtur
792 2895 926 2975 eripere,
950 2891 1029 2973 qnod
1046 2889 1261 2974 jurenaturali

120 2987 266 3058 tamqnam
288 2979 419 3060 ipsorum
443 2981 593 3060 proprium
615 2978 692 3040 haud
715 2981 860 3043 immerito
882 2979 1160 3059 contemplabantur.

205 3065 370 3126 Sollemniu
391 3066 480 3145 igitur
502 3067 530 3126 in
546 3065 732 3145 stipulatione
747 3073 832 3128 arant
846 3067 947 3143 verba,
969 3067 1000 3126 in
1014 3064 1165 3126 literarum
1180 3061 1260 3126 obli-

120 3151 240 3233 gatione
262 3145 299 3210 τὰ
321 3145 488 3230 γράμματα;
513 3151 640 3228 publico
669 3159 733 3212 erat
763 3151 912 3230 stipulatio
942 3150 1060 3210 testium
1079 3147 1259 3226 praesentia,

120 3237 272 3298 literarum
295 3236 435 3315 obligatio
458 3235 623 3314 publicitate
646 3233 798 3297 domestici
821 3234 941 3306 codicis,
964 3233 1022 3312 qui.
1038 3239 1068 3294 et
1087 3233 1117 3293 in
1133 3231 1260 3294 actioni-

121 3323 176 3390 bus
198 3328 229 3382 et
251 3323 370 3384 censori
393 3320 536 3384 edebatur
543 3341 552 3396 ;
581 3327 665 3387 cortu
686 3327 770 3382 erant
791 3321 819 3385 in
840 3319 1028 3402 stipulatione
1051 3336 1086 3378 ea
1110 3313 1188 3398 quaa
1210 3317 1261 3379 di-

121 3409 274 3484 cebantur,
296 3408 325 3470 in
349 3408 582 3487 expensilatione
601 3423 677 3486 quae
693 3407 910 3483 scribebantur,
933 3411 1014 3467 certa
1029 3401 1158 3466 debendi
1172 3420 1259 3466 sum-

119 3511 183 3572 ma,
213 3492 286 3554 certi
316 3492 444 3573 denique
473 3493 632 3556 condictio.
676 3491 721 3554 Ad
750 3492 913 3572 exemplum
944 3497 1041 3552 autern
1063 3489 1258 3569 stipulationis

120 3578 385 3660 expausilatiouem
405 3597 473 3640 essa
489 3580 661 3651 institutam,
683 3595 721 3644 eo
744 3578 947 3654 confirmatur,
971 3576 1050 3655 quod
1073 3577 1103 3638 in
1126 3575 1184 3638 illis
1204 3591 1260 3637 re·

120 3665 177 3727 bus
197 3664 330 3725 omnibus
353 3666 471 3746 majoris
493 3665 568 3726 baec
591 3663 830 3726 contrahentibus
853 3661 1001 3726 commodi
1020 3669 1067 3724 est
1089 3677 1178 3741 quam
1198 3660 1259 3722 illa.

120 3749 310 3814 sollemnitas
332 3750 409 3810 enirn
432 3751 519 3811 etiam
540 3749 618 3810 inter
640 3751 778 3814 absentes
801 3749 931 3811 contrabi
959 3743 1154 3827 permittebat.
1192 3745 1260 3808 Pu·

121 3837 241 3898 bitoitus
262 3832 459 3915 stipulationis
481 3835 611 3897 debiturn
633 3835 818 3914 cuique-civi
836 3833 1016 3898 manifestat:
1038 3849 1117 3910 quaa
1132 3847 1183 3893 res
1198 3841 1259 3909 pu-

121 3923 216 3986 blicae
239 3920 379 3984 debitoris
401 3919 468 3982 [idei
489 3937 636 4002 persaepe
658 3920 779 3983 nocebit
802 3918 860 4002 (ci.
883 3917 1049 3996 Gundliog„
1062 3915 1081 3975 l.
1101 3931 1128 3974 a.
1151 3909 1259 3995 §adh

122 4007 315 4088 expensilatio
343 4023 419 4067 uero
441 4007 510 4068 latet
533 4005 648 4086 quidem
669 4009 699 4068 in
722 4005 842 4082 codice,
872 3999 1133 4064 extraordinariam
1161 4004 1260 4062 tamen

120 4092 276 4177 prumiam
298 4091 396 4156 codex
417 4092 443 4155 si
466 4084 702 4168 dissimulaverit,
724 4105 821 4168 neque
835 4088 925 4170 judici
937 4103 995 4148 nec
1014 4086 1132 4150 censuri
1152 4083 1258 4168 idpo-

122 4181 192 4242 terit
214 4177 363 4244 occultari.
408 4176 498 4239 Certo
526 4175 651 4258 denique
680 4193 791 4250 summa
820 4172 1014 4255 stipulationis
1037 4179 1129 4235 testes
1151 4169 1260 4254 fugere

122 4271 254 4347 poterat,
282 4265 312 4334 in
341 4263 444 4328 tabulis
473 4280 547 4325 aero
576 4268 737 4343 perpetuae
768 4261 927 4323 memoriae
949 4257 1135 4335 tradebatur;
1164 4263 1258 4320 testes

124 4351 397 4433 corrumpebantur,
419 4347 530 4414 codicis
547 4346 634 4411 litura
649 4347 750 4410 oculos
768 4362 866 4410 rerum
879 4344 1032 4427 prudentis
1047 4361 1107 4409 non
1117 4341 1259 4425 fugiebat·
