2866 5008
629 213 677 316 ’-
720 261 850 331 ro·-

164 438 255 508 oiuso
276 437 482 525 transcripticii
503 410 630 506 nominis
658 440 826 525 exemplum
846 441 947 507 lctus·
963 439 1020 506 sibi
1040 441 1184 526 elegerit,
1214 458 1305 526 supra
1428 485 1429 492 κ

169 527 295 595 ostendi.
1428 571 1429 596 r

254 615 374 680 Canace
384 614 481 698 igitur,
497 613 534 677 de
546 614 652 695 quibus
662 614 809 678 literarum
825 614 967 697 obligatio
982 613 1136 696 interierit,
1154 615 1209 680 bae
1223 624 1308 682 sunt:

253 703 274 765 l.
308 699 479 765 desuetudo
502 700 732 764 domesticorum
755 700 900 766 codicum.

254 785 286 852 ll.
319 783 518 852 losti'tutiones
542 788 775 870 argentariorum
800 789 829 850 in
848 787 953 871 quovis
972 791 1086 871 majore
1101 788 1215 871 imperii
1232 790 1308 854 urbe

168 874 281 950 tuebar
302 873 353 938 ubi
374 879 476 938 autem
495 872 662 958 ,majores“
679 875 839 956 argentarii
861 891 921 938 non
945 883 1047 952 eram,
1068 874 1108 937 ibi
1133 875 1305 953 ,minores“

168 960 327 1044 argentarii
349 977 453 1024 eorum
480 975 603 1022 munera
632 959 839 1042 iungebantur.
883 960 951 1035 Quo
974 960 1072 1040 fiebat,
1094 968 1125 1023 ut
1146 963 1227 1024 inter
1248 962 1308 1024 ab·
1428 961 1429 966 ’

167 1053 266 1109 scater
280 1046 367 1109 etiam
381 1064 437 1127 per
451 1047 637 1128 argentarios
651 1053 755 1128 posset
773 1047 923 1110 contrahi:
945 1047 1025 1127 quod
1049 1064 1087 1109 eo
1109 1048 1197 1110 etiarn
1218 1065 1308 1111 com-

167 1131 282 1198 modius
303 1139 368 1196 eret
390 1149 474 1213 qnam
498 1140 584 1195 vetus
607 1132 833 1200 domesticorum
856 1133 989 1196 codicum
1011 1151 1093 1210 mos,
1116 1135 1185 1213 quia
1207 1132 1308 1197 debita
1428 1197 1429 1200 ,

167 1217 238 1284 inde
259 1226 324 1282 orta
346 1235 406 1282 non
427 1220 461 1280 ic
481 1227 593 1282 notare
615 1220 686 1282 mitti
710 1217 866 1298 debebam,
888 1219 942 1282 sed
964 1219 993 1280 in
1015 1219 1080 1300 ipso
1100 1219 1167 1282 loco
1189 1237 1306 1302 argen-
1428 1231 1429 1304 j

167 1305 241 1369 tario
263 1304 313 1369 uel
333 1305 458 1369 institori
482 1305 685 1369 solvebantur:
709 1304 755 1367 bic
777 1305 884 1367 deinde
906 1306 936 1367 in
958 1305 1025 1368 loco
1047 1305 1166 1368 alterius
1182 1313 1307 1369 contra·

166 1391 263 1454 inentis
279 1391 353 1454 boio
375 1390 544 1454 tantundem
566 1391 711 1471 pecuniae
733 1390 929 1474 expendebat,
951 1398 1002 1454 aut
1023 1391 1110 1453 aliurn
1132 1391 1173 1453 illi
1187 1409 1307 1472 expen-
1428 1405 1429 1454 t

167 1477 239 1540 dcre
267 1477 399 1562 jubebat.
451 1477 615 1541 Periculum
649 1477 738 1560 igitur
773 1477 948 1541 amittendae
981 1477 1141 1558 pecuniae,
1171 1485 1307 1558 sumptus
1428 1481 1429 1552 l

167 1564 259 1646 ipsius
282 1563 429 1628 missionis
452 1570 508 1627 etc.
532 1562 773 1627 contrahentibus
800 1564 1022 1642 minuebantur,
1052 1581 1141 1644 qourn
1162 1563 1194 1625 'in
1217 1571 1308 1626 utro-
1428 1561 1429 1642 ξ

167 1649 304 1731 qneloco
325 1649 485 1732 argentarii
507 1667 611 1713 mensa
633 1658 713 1712 esset
736 1667 801 1712 cum
812 1649 966 1713 sufficienti
983 1651 1108 1732 pecunie
1123 1655 1174 1712 aut
1188 1649 1308 1732 collega

168 1736 253 1819 jussu
275 1737 340 1799 eius
363 1736 557 1817 expenderet,
578 1737 617 1798 ita
640 1743 671 1798 ut
693 1735 761 1800 nihil
784 1738 927 1818 pecuniae
949 1737 978 1798 in
1002 1742 1106 1800 natura
1123 1734 1308 1801 transferre·-
1428 1725 1429 1814 l

168 1829 224 1885 tur.
248 1818 505 1904 (supplementum
528 1822 584 1885 huo
605 1823 749 1902 pertinet,
777 1823 815 1884 de
836 1823 1012 1905 argentariis
1042 1821 1131 1886 sociis
1160 1823 1307 1903 opusculo

168 1906 344 1990 adjectura).
388 1907 452 1982 Oua
475 1925 509 1970 re
531 1909 666 1972 existimo
689 1909 834 1990 originem
857 1927 958 1971 earum
988 1925 1184 1991 personarum
1207 1909 1305 1972 conti·
1428 1917 1429 1952 ³

167 1993 250 2071 neri,
279 2009 354 2074 qous
374 1992 532 2057 senacula
554 1995 653 2076 lingua
678 1994 873 2074 „Weobsler“
897 2007 1056 2058 vocamus:
1078 2009 1186 2076 nempe
1207 2013 1225 2057 a
1246 2013 1307 2076 pe-
1428 2027 1429 2034 ι

169 2079 254 2142 cunia
276 2079 306 2142 in
327 2080 413 2142 alium
435 2078 533 2152 locum
555 2080 757 2161 permutanda.
1179 2161 1180 2166 ἵ
1428 2105 1429 2148 3

64 2231 67 2235 ,
253 2163 298 2230 ttt.
341 2165 399 2230 Sed
412 2159 498 2248 'apud
528 2167 713 2249 argentarios
742 2167 893 2230 literarum
910 2166 1065 2250 obligatio
1091 2166 1253 2246 propriam
1272 2174 1307 2230 et
1428 2169 1429 2172 ’

167 2251 251 2324 tioile
273 2252 465 2316 contrahendi
486 2271 581 2332 genus
605 2271 675 2316 esse
697 2252 798 2317 desiit:
821 2271 910 2335 quum
929 2257 975 2336 jus
992 2271 1079 2316 omne
1095 2253 1174 2316 eirca
1190 2269 1304 2334 orgen-

166 2339 247 2404 arios
270 2345 440 2420 praetorum
463 2339 566 2420 edictis
590 2347 620 2402 et
642 2340 849 2422 principalibus
872 2340 1132 2404 constitutionibus
1151 2345 1305 2403 statuere-

167 2429 225 2501 tur,
247 2424 374 2506 ideoquo
395 2423 436 2487 ex
457 2426 632 2508 argentariis
651 2427 779 2509 negotiis
798 2427 978 2506 praetoriae
998 2426 1131 2488 actiones
1154 2425 1305 2504 darentur,

168 2527 227 2572 nou
250 2517 283 2574 ut
303 2529 343 2573 cx
365 2512 588 2591 transcriptioiis
610 2514 776 2576 nominibus
798 2513 911 2575 civiles.
956 2512 1002 2575 lix
1022 2529 1113 2574 eausa
1134 2512 1224 2593 igitur
1246 2529 1306 2574 ne·

167 2595 249 2678 gotio
276 2597 408 2680 subjecta
434 2598 597 2658 secundom
623 2599 801 2678 aequitatem
828 2597 1035 2676 deridebatur,
1066 2604 1097 2659 et
1119 2598 1205 2679 plane
1227 2615 1305 2660 con-

167 2688 278 2745 tractus
300 2683 365 2746 eius
391 2682 513 2764 generis
541 2688 621 2760 crat,
651 2683 735 2746 coins
765 2684 900 2766 subjecta
928 2702 1030 2747 causa:
1061 2701 1122 2746 non
1152 2684 1307 2748 literarum
1428 2683 1429 2724 ἒ

166 2768 316 2849 obligatio.
348 2767 480 2832 illatione
502 2769 592 2850 igitur
612 2769 642 2831 in
664 2772 862 2850 argentarium
885 2769 1020 2844 codicem
1041 2770 1117 2832 iacta
1137 2770 1306 2850 fidestan·-

167 2859 230 2920 tum
259 2855 400 2920 contracti
429 2855 541 2938 negotii
570 2856 760 2935 servabatur,
789 2857 907 2920 novatio
930 2863 1042 2934 autem,
1072 2863 1156 2920 certe
1182 2874 1222 2917 ex
1244 2871 1306 2934 quo
1428 2865 1429 2886 ³

167 2939 326 3003 domestici
337 2939 455 3004 codices
472 2941 541 3003 nulli
555 2942 771 3020 scribebantur,
787 2944 952 3024 scripturae
963 2943 1022 3004 soli
1033 2959 1182 3022 nunquam
1200 2943 1306 3005 inerat.

233 3022 298 3090 tv.
328 3024 375 3090 do
403 3027 497 3090 minus
525 3026 646 3090 Romani
676 3026 826 3090 literarum
855 3025 1033 3109 obligatione
1060 3029 1141 3090 inter
1168 3027 1308 3090 admotos

168 3111 254 3175 etiarn
277 3113 421 3194 egebant,
452 3112 532 3194 quod
555 3114 742 3176 constitutam
771 3114 861 3177 debiti
889 3111 1060 3196 (Sobuelen
1083 3132 1130 3194 pp.
1153 3111 1306 3196 83-88)

167 3196 205 3262 ad
229 3197 441 3262 confirmandas
456 3199 649 3282 obligationes
665 3199 874 3262 antecedentes
898 3197 935 3283 (l.
952 3199 981 3278 3,
1006 3199 1021 3260 1
1039 3197 1084 3282 -l-
1099 3201 1136 3275 23
1159 3201 1177 3262 1.
1195 3199 1245 3277 18,
1269 3198 1308 3275 1;
1428 3227 1429 3234 ³

167 3284 186 3346 l.
213 3283 253 3346 19
275 3303 319 3365 pr.
333 3284 377 3367 -l-
393 3285 424 3362 S.
447 3285 527 3348 2-de
549 3303 614 3364 pec.
638 3291 732 3348 const.
754 3285 827 3363 Xlll,
850 3288 879 3348 b.
903 3286 920 3347 l.
941 3286 975 3364 Ι1,
999 3283 1083 3348 6-8
1106 3282 1193 3368 eod.)
1216 3283 1308 3350 soffi-

104 3369 107 3377 '
167 3368 263 3432 ciebat
285 3377 315 3432 et
337 3369 469 3452 epistolis
498 3371 563 3432 lieri
591 3377 723 3451 poterat3
747 3372 815 3452 quin
839 3372 924 3433 etiarn
947 3372 1137 3453 sponsionem
1161 3371 1306 3433 dimidiae
1428 3349 1429 3382 ³

166 3455 257 3535 partis
279 3455 307 3516 in
330 3475 366 3518 ea
387 3456 451 3518 lieri
473 3457 695 3536 permittebant,
725 3457 894 3518 incredita
916 3458 1041 3539 pecunia
1070 3459 1175 3520 tertiae
1196 3456 1306 3520 solum.

169 3539 229 3603 Gai.
252 3539 298 3616 lV,
323 3539 393 3602 171.
426 3539 542 3622 Savigo.
564 3544 593 3604 in
616 3543 710 3623 suppl.
734 3543 751 3604 l.
768 3561 793 3604 c.
808 3545 837 3620 §.
855 3542 874 3605 3
891 3560 918 3622 p.
937 3543 1010 3606 244.
1043 3543 1185 3607 Nooondi
1201 3548 1306 3604 'nmen

165 3628 210 3689 vis
233 3626 390 3688 constituto
413 3644 472 3689 non
496 3629 589 3689 inerrd
613 3626 649 3710 (l.
672 3627 715 3690 28
738 3625 842 3710 eod.):
866 3647 953 3710 quem
976 3627 1123 3693 adfinem
1145 3630 1222 3692 inter
1246 3629 1307 3691 ab·
1428 3723 1429 3726 Ἴ

168 3719 269 3776 sentes
292 3712 451 3794 argentarii
473 3710 745 3792 interponebantur.
917 3735 920 3740 ·
974 3741 1003 3754 ν-
1070 3751 1071 3760 1
