2866 5008
660 317 875 382 ...64..

201 492 268 558 tos“
294 499 325 556 et
346 491 505 556 debitores.
548 488 607 554 Sed
634 488 737 554 borum
760 496 928 556 contractus
949 491 1098 558 literarum
1127 493 1336 578 obligationem

199 580 320 659 incipit:
343 595 403 659 quo
426 577 577 653 evincitur,
599 585 718 657 praeter
740 579 981 659 transcriptiones
997 580 1068 644 alios
1083 582 1170 644 etiam
1186 581 1335 651 literarum

201 665 397 748 obligationes
419 661 525 740 luisse,
543 680 605 724 non
627 663 761 724 novandi
781 665 884 744 prolia
901 667 1063 746 perfectos.
1106 665 1244 733 Similiter
1258 670 1336 751 apud

201 753 262 816 cio.
285 749 322 812 de
345 747 394 812 oli.
416 747 462 826 lll,
487 747 537 826 14,
560 746 602 810 58
624 755 654 812 et
677 749 719 810 59
742 750 907 812 nominibus
929 753 1125 815 contrahitur:

289 833 451 914 ,Nominn“
477 830 635 917 (Pythius,
665 853 723 898 non
747 834 871 914 Canius,
894 838 959 916 qui,
982 856 1070 918 quum
1093 839 1122 902 in
1143 839 1337 920 praecedenti

200 922 345 990 sententia
376 920 576 1000 „subjectum“
609 919 715 1000 fuerit,
743 921 772 984 in
802 921 966 1002 insequenti
996 941 1139 1005 expresse
1170 924 1335 1011 repetitur]

200 1008 305 1090 „iacit3
327 1001 477 1089 nepotium
499 1005 643 1070 coniicit.“
964 1053 968 1059 -
1194 1073 1197 1078 ,

281 1093 332 1158 Gui
354 1094 517 1158 contractui
544 1099 663 1156 mutuae
691 1093 815 1174 partium
844 1095 1050 1158 contentiones
1072 1096 1269 1176 praecedunt,
1292 1117 1335 1162 eo

196 1182 312 1259 finitae,
342 1179 422 1260 quod
449 1185 506 1242 tam
535 1178 573 1240 de
603 1179 693 1240 rebus
722 1178 887 1242 vendundis
917 1179 1075 1263 (instructo
1104 1183 1182 1246 enim
1211 1183 1336 1266 praedia

195 1262 382 1350 venduntur)
405 1283 492 1347 quam
514 1265 552 1327 de
574 1265 670 1344 pretio
691 1266 885 1328 conveniunt:

284 1352 445 1433 „incensus
468 1351 575 1417 Canius
598 1348 755 1430 cupiditate
778 1351 966 1416 contendite
988 1353 1100 1434 Pythio,
1123 1361 1154 1418 ut
1176 1355 1333 1420 venderet.

195 1439 323 1504 Gravete
353 1438 400 1500 ille
422 1440 525 1518 primo,
570 1435 644 1510 Quid
668 1435 781 1500 inulta?
809 1437 952 1518 impetrat.
997 1439 1072 1502 Emit
1095 1441 1183 1506 bomo
1205 1442 1334 1523 cupidus

194 1534 227 1590 et
249 1524 380 1606 locuples
403 1525 490 1600 tanti,
513 1523 613 1604 quanti
634 1523 751 1604 Pvtbius
773 1523 881 1603 voluit,
910 1530 940 1586 ct
961 1526 1030 1588 eruit
1051 1525 1232 1594 instructos..
1263 1528 1334 1591 No-

194 1613 272 1677 mine
294 1618 350 1674 etc
438 1609 541 1674 lnvitnt
563 1609 669 1672 (lanius
693 1615 749 1672 etc.
774 1608 843 1671 ...“

280 1698 380 1778 Usque
401 1696 437 1760 od
460 1714 563 1758 vocam
588 1692 784 1772 „instruet0s“
809 1696 1014 1760 contentiones
1041 1697 1108 1760 illoe
1130 1699 1328 1766 continentur

194 1791 224 1847 et
245 1790 361 1864 pactum
384 1782 422 1845 do
444 1779 662 1858 contrahendo,
691 1798 749 1842 non
772 1781 836 1860 ipse
866 1788 1034 1845 contractus
1056 1803 1073 1846 a
1094 1785 1225 1864 partibus
1247 1803 1330 1848 con-

191 1871 334 1934 stituiturz
358 1869 376 1930 i.
400 1887 427 1928 e.
451 1866 641 1932 condiciones
664 1872 773 1928 tantum
797 1865 939 1948 legesque
960 1867 1134 1932 venditionis
1152 1845 1335 1938 statuunlu?

190 1953 306 2018 Deinde
328 1955 392 2033 ipse
412 1959 582 2016 contractus
601 1951 758 2030 perficitur
780 1954 954 2029 nominibus,
977 1955 1081 2033 quibua
1103 1954 1188 2018 iactis
1210 1955 1330 2020 demum

191 2039 357 2104 conlectum
374 2039 479 2102 Cicero
495 2037 645 2120 negotium
669 2053 738 2100 esse
755 2036 832 2099 dicit.
867 2037 1114 2103 Unlerhnlznerus
1138 2048 1233 2104 tamen
1255 2041 1272 2103 l.
1289 2061 1330 2122 c.‚

190 2128 260 2189 item
275 2124 429 2208 savignius
452 2124 470 2186 l.
488 2141 514 2185 c.
537 2129 567 2186 et
588 2123 618 2184 in
639 2129 712 2204 sysl.
735 2130 755 2185 t.
778 2124 812 2186 V.
836 2122 923 2196 addit.
944 2123 1021 2204 XlV,
1044 2125 1064 2186 9
1085 2129 1197 2189 noouri
1218 2126 1329 2190 ibidem

187 2217 313 2275 censent
341 2217 443 2274 contra
471 2208 745 2289 Almendingenium
775 2209 803 2270 in
833 2209 1000 2272 Grnlrnonni
1033 2212 1183 2298 ,ildegario
1208 2219 1226 2274 t.
1248 2211 1272 2273 ll
1294 2233 1326 2295 p.

189 2296 252 2360 180
274 2304 334 2360 not.
361 2296 416 2372 153
439 2297 450 2358 l
472 2313 500 2378 p.
524 2293 588 2359 324
608 2295 628 2356 i.
651 2294 691 2357 l.“
725 2295 763 2360 El
784 2303 897 2358 certum
917 2295 1034 2375 quidem
1058 2304 1121 2377 est,
1144 2296 1223 2362 nudo
1247 2316 1328 2362 con-

187 2401 279 2448 sensu
302 2383 358 2444 emi
380 2382 485 2460 vendi,
514 2398 692 2446 consensum
715 2389 812 2444 eutem
834 2381 899 2444 loco
921 2382 971 2444 illo
994 2383 1203 2464 praecessisse.
1247 2383 1325 2447 Nem

186 2468 293 2532 Canius
315 2469 466 2549 impetret,
488 2474 520 2532 ut
543 2466 663 2550 Pythius
685 2467 810 2530 vendet:
838 2468 902 2548 ipse
925 2469 994 2528 emit
1013 2468 1120 2532 londos
1149 2470 1322 2550 instructos,

186 2555 286 2634 quanti
300 2554 536 2634 Pythiusvoluit.
570 2553 672 2617 Omnia
694 2554 781 2634 igitur
802 2553 879 2615 facta
898 2553 1032 2616 videntur
1053 2573 1121 2617 esse
1128 2574 1138 2630 ;
1161 2563 1218 2618 tam
1242 2575 1322 2618 ven·

185 2637 256 2702 ditio
278 2657 365 2720 quam
387 2639 495 2718 emptio
503 2657 512 2712 3
534 2644 591 2700 tam
613 2639 697 2718 pretii
719 2657 806 2718 quam
825 2657 925 2703 rerum
941 2638 1162 2704 vendundarum
1179 2640 1320 2706 delinitio.

184 2725 321 2796 Attamen
343 2741 507 2788 consensus
529 2723 576 2786 ille
599 2722 664 2786 talis
686 2732 761 2801 erat,
784 2731 814 2786 ut
836 2732 950 2806 emptor
964 2744 1023 2790 nnn
1038 2744 1072 2788 se
1089 2725 1221 2789 daturum
1243 2746 1321 2809 pre-

184 2812 254 2874 tium
277 2811 407 2888 diceret,
436 2809 490 2873 sed
513 2808 694 2872 venditorem
717 2825 879 2889 expensum
902 2810 931 2872 id
954 2811 1049 2890 ipsum
1078 2811 1160 2875 ierre
1183 2813 1316 2895 juberet,

181 2897 318 2960 venditor
346 2911 523 2959 consensum
545 2896 609 2976 ipsa
632 2896 864 2977 expensilatione
892 2895 1058 2976 perficeret.
1103 2895 1174 2961 Cum
1197 2909 1314 2980 argen-

182 2984 258 3048 tario
280 2983 357 3046 enim
380 2981 566 3046 contrabitur.
602 2981 714 3054 Quodsi
735 2989 910 3056 nonoretur,
933 2981 1104 3046 Ciceronem
1128 2999 1193 3047 non·
1210 2985 1239 3045 in
1258 2984 1319 3048 fine
1426 2999 1427 3021 ¹

182 3070 326 3134 dicturam
356 3067 449 3131 inisse
471 3084 598 3130 censeo:
631 3069 802 3149 „negotium
825 3067 972 3148 conpelli
1020 3068 1124 3132 linitos
1145 3069 1236 3151 igitur
1258 3088 1318 3132 ne·
1424 3133 1425 3136 ,

180 3157 253 3239 getii
276 3163 354 3220 lanta
375 3156 424 3218 illo
446 3155 513 3221 loco
535 3159 592 3232 est,
614 3160 646 3216 ut
667 3168 834 3219 consensus
857 3154 894 3216 dc
917 3167 951 3217 re
966 3155 1135 3230 vendundo,
1159 3153 1196 3216 de
1218 3157 1317 3236 pretio

181 3257 314 3322 wpcnso
335 3241 461 3321 ferendo
483 3241 623 3311 inunum
653 3239 844 3304 contrahendi
865 3257 962 3319 genus
992 3241 1156 3318 coalescet,
1186 3245 1215 3302 et
1238 3259 1314 3304 con·
1422 3289 1423 3296 ι

178 3333 291 3390 tractus
314 3326 472 3402 alliciatur,
502 3343 569 3388 oum
591 3324 684 3387 forma
703 3326 778 3407 juris
801 3324 910 3403 civilis,
938 3324 976 3387 de
998 3325 1118 3408 negotio
1136 3326 1212 3409 juris
1234 3344 1316 3410 gen·

177 3412 258 3474 tium.
281 3413 324 3475 Cf·
347 3412 408 3493 Ulp.
432 3413 450 3474 l.
474 3411 504 3488 6,
529 3409 545 3472 1
570 3409 607 3472 de
630 3415 745 3472 novell:
1131 3427 1134 3430 ·

267 3497 382 3576 „Quum
403 3496 557 3578 pecuniam
580 3501 707 3558 mutuam
729 3492 809 3556 dedit
830 3495 895 3573 quis
918 3494 982 3560 sine
1003 3497 1207 3577 stipulatione,
1228 3504 1260 3560 ct
1283 3499 1317 3560 in

179 3582 342 3646 condncnti
362 3581 433 3644 iecit
454 3581 681 3661 stipulationem,
703 3598 781 3642 anus
802 3586 974 3643 contractos
995 3589 1049 3644 est
1081 3582 1160 3644 ldem
1184 3582 1240 3644 crit
1263 3583 1315 3646 di-

179 3667 315 3748 cendum,
336 3674 367 3732 et
388 3666 415 3732 si
436 3674 505 3729 ante
519 3667 665 3747 stipulatio
681 3663 758 3729 iacta
771 3672 829 3746 est,
848 3685 922 3736 mon
935 3667 1060 3748 pecunia
1075 3675 1229 3732 numerata
1243 3667 1313 3731 sil.“

253 3834 281 3896 n.
303 3827 349 3886 2⁵.
392 3825 586 3883 Pecuniorium
607 3823 696 3881 solum
717 3823 836 3882 debitum
849 3803 946 3882 'litem
968 3825 1096 3883 contrabi
1114 3834 1233 3899 poterat.

259 3941 459 4024 Expcnsilalio
481 3941 670 4023 expensionis
693 3942 790 4020 imago
812 3946 885 4002 erat.
919 3941 984 4014 Qua
1006 3941 1044 4004 de
1067 3959 1156 4006 eausa
1176 3942 1312 4007 marodo-

69 4069 72 4074 -
172 4039 234 4095 tuen
255 4028 347 4092 literis
370 4028 506 4092 constitui
529 4044 588 4090 non
601 4032 726 4108 poterat
749 4022 807 4107 (cl.
830 4024 849 4087 l.
865 4026 895 4105 6,
918 4023 938 4087 3
957 4026 995 4088 de
1013 4023 1150 4106 elendo).
1182 4025 1312 4107 Expenu

172 4115 269 4181 silatio
292 4116 369 4176 enim
391 4112 562 4174 nominibus
583 4129 700 4194 semper
725 4111 830 4187 tiebat,
852 4117 883 4172 et
905 4129 1013 4175 nomen
1036 4110 1125 4173 debiti
1146 4113 1310 4192 pecuniarii

171 4199 386 4281 significatione
408 4199 565 4261 obvenisse
587 4215 677 4279 supra
699 4195 833 4259 vidimus.
876 4195 915 4258 llt
936 4203 1018 4258 certo
1039 4195 1156 4275 quidem
1178 4199 1309 4274 pecunia

172 4301 243 4349 esse
264 4283 405 4366 debebat:
428 4285 489 4347 Gai.
509 4281 557 4362 lll,
581 4281 651 4346 129.
696 4279 739 4344 ot.
762 4283 848 4344 ettam
870 4279 1023 4363 Tbeopbili
1044 4281 1229 4364 exemplem,
1250 4300 1308 4346 ca-

170 4385 237 4438 saur
257 4372 467 4455 proponentis,
489 4385 550 4454 quo
570 4369 638 4450 quis
659 4367 744 4432 elteri
765 4374 885 4434 cenum
902 4383 1013 4434 aureos
1035 4365 1150 4434 debeat.
1258 4368 1261 4374 “
