<?xml version="1.0" encoding="UTF-8"?>
<!DOCTYPE html PUBLIC "-//W3C//DTD XHTML 1.0 Transitional//EN"
    "http://www.w3.org/TR/xhtml1/DTD/xhtml1-transitional.dtd">
<html xmlns="http://www.w3.org/1999/xhtml" xml:lang="en" lang="en">
 <head>
  <title>
</title>
<meta http-equiv="Content-Type" content="text/html;charset=utf-8" />
  <meta name='ocr-system' content='tesseract 3.04.00' />
  <meta name='ocr-capabilities' content='ocr_page ocr_carea ocr_par ocr_line ocrx_word'/>
</head>
<body>
  <div class='ocr_page' id='page_1' title='image "./deliterarumobli00pagegoog_0053.png"; bbox 0 0 2866 5008; ppageno 0'>
   <div class='ocr_carea' id='block_1_1' title="bbox 637 233 852 340">
    <p class='ocr_par' dir='ltr' id='par_1_1' title="bbox 637 233 852 340">
     <span class='ocr_line' id='line_1_1' title="bbox 637 233 852 340; baseline 0 -16"><span class='ocrx_word' id='word_1_1' title='bbox 637 233 852 340; x_wconf 47' lang='lat'>..¹40...</span> 
     </span>
    </p>
   </div>
   <div class='ocr_carea' id='block_1_2' title="bbox 117 439 1319 4400">
    <p class='ocr_par' dir='ltr' id='par_1_2' title="bbox 176 439 1315 687">
     <span class='ocr_line' id='line_1_2' title="bbox 177 439 1313 530; baseline 0 -16"><span class='ocrx_word' id='word_1_2' title='bbox 177 457 289 516; x_wconf 88' lang='lat' dir='ltr'><strong>tuntum</strong></span> <span class='ocrx_word' id='word_1_3' title='bbox 320 445 545 529; x_wconf 80' lang='lat' dir='ltr'><strong>,exhibitionis“</strong></span> <span class='ocrx_word' id='word_1_4' title='bbox 575 449 693 514; x_wconf 88' lang='lat' dir='ltr'><strong>nomine</strong></span> <span class='ocrx_word' id='word_1_5' title='bbox 720 448 877 530; x_wconf 76' lang='lat' dir='ltr'><strong>significari</strong></span> <span class='ocrx_word' id='word_1_6' title='bbox 898 439 1006 530; x_wconf 78' lang='lat' dir='ltr'><strong>posse,</strong></span> <span class='ocrx_word' id='word_1_7' title='bbox 1035 463 1094 512; x_wconf 91' lang='lat' dir='ltr'><strong>non</strong></span> <span class='ocrx_word' id='word_1_8' title='bbox 1117 442 1205 512; x_wconf 85' lang='lat' dir='ltr'><strong>etiem</strong></span> <span class='ocrx_word' id='word_1_9' title='bbox 1227 447 1313 529; x_wconf 84' lang='lat' dir='ltr'><strong>iilum,</strong></span> 
     </span>
     <span class='ocr_line' id='line_1_3' title="bbox 178 535 1315 618; baseline -0.002 -17"><span class='ocrx_word' id='word_1_10' title='bbox 178 556 234 618; x_wconf 89' lang='lat' dir='ltr'><strong>qua</strong></span> <span class='ocrx_word' id='word_1_11' title='bbox 257 537 340 602; x_wconf 83' lang='lat' dir='ltr'><strong>alteri</strong></span> <span class='ocrx_word' id='word_1_12' title='bbox 363 537 468 613; x_wconf 89' lang='lat' dir='ltr'><strong>editur,</strong></span> <span class='ocrx_word' id='word_1_13' title='bbox 487 555 546 600; x_wconf 91' lang='lat' dir='ltr'><strong>non</strong></span> <span class='ocrx_word' id='word_1_14' title='bbox 562 542 593 598; x_wconf 92' lang='lat' dir='ltr'><strong>ut</strong></span> <span class='ocrx_word' id='word_1_15' title='bbox 611 535 718 597; x_wconf 78' lang='lat' dir='ltr'><strong>babent</strong></span> <span class='ocrx_word' id='word_1_16' title='bbox 736 543 765 597; x_wconf 91' lang='lat' dir='ltr'><strong>et</strong></span> <span class='ocrx_word' id='word_1_17' title='bbox 780 541 887 612; x_wconf 87' lang='lat' dir='ltr'><strong>utatur,</strong></span> <span class='ocrx_word' id='word_1_18' title='bbox 909 535 963 598; x_wconf 89' lang='lat' dir='ltr'><strong>sed</strong></span> <span class='ocrx_word' id='word_1_19' title='bbox 986 541 1018 599; x_wconf 91' lang='lat' dir='ltr'><strong>ut</strong></span> <span class='ocrx_word' id='word_1_20' title='bbox 1040 553 1074 598; x_wconf 86' lang='lat' dir='ltr'><strong>se</strong></span> <span class='ocrx_word' id='word_1_21' title='bbox 1097 542 1315 600; x_wconf 69' lang='lat' dir='ltr'><strong>westernere</strong></span> 
     </span>
     <span class='ocr_line' id='line_1_4' title="bbox 176 621 959 687; baseline -0.004 -2"><span class='ocrx_word' id='word_1_22' title='bbox 176 624 207 686; x_wconf 95' lang='lat' dir='ltr'><strong>in</strong></span> <span class='ocrx_word' id='word_1_23' title='bbox 229 642 333 687; x_wconf 89' lang='lat' dir='ltr'><strong>errore</strong></span> <span class='ocrx_word' id='word_1_24' title='bbox 353 630 492 686; x_wconf 80' lang='lat' dir='ltr'><strong>versetur</strong></span> <span class='ocrx_word' id='word_1_25' title='bbox 514 622 550 683; x_wconf 92' lang='lat' dir='ltr'><strong>de</strong></span> <span class='ocrx_word' id='word_1_26' title='bbox 573 621 692 684; x_wconf 87' lang='lat' dir='ltr'><strong>atterius</strong></span> <span class='ocrx_word' id='word_1_27' title='bbox 714 622 959 684; x_wconf 74' lang='lat' dir='ltr'><strong>contentionibus.</strong></span> 
     </span>
    </p>

    <p class='ocr_par' dir='ltr' id='par_1_3' title="bbox 177 707 1316 1048">
     <span class='ocr_line' id='line_1_5' title="bbox 261 707 1315 790; baseline 0.002 -18"><span class='ocrx_word' id='word_1_28' title='bbox 261 709 324 772; x_wconf 89' lang='lat' dir='ltr'><strong>Erit</strong></span> <span class='ocrx_word' id='word_1_29' title='bbox 344 710 434 790; x_wconf 80' lang='lat' dir='ltr'><strong>igitur</strong></span> <span class='ocrx_word' id='word_1_30' title='bbox 456 707 646 788; x_wconf 88' lang='lat' dir='ltr'><strong>probandum,</strong></span> <span class='ocrx_word' id='word_1_31' title='bbox 670 707 773 769; x_wconf 87' lang='lat' dir='ltr'><strong>eadem</strong></span> <span class='ocrx_word' id='word_1_32' title='bbox 796 708 882 769; x_wconf 86' lang='lat' dir='ltr'><strong>etiem</strong></span> <span class='ocrx_word' id='word_1_33' title='bbox 897 707 1008 772; x_wconf 91' lang='lat' dir='ltr'><strong>codicis</strong></span> <span class='ocrx_word' id='word_1_34' title='bbox 1023 707 1206 787; x_wconf 88' lang='lat' dir='ltr'><strong>Justinianei,</strong></span> <span class='ocrx_word' id='word_1_35' title='bbox 1236 727 1315 790; x_wconf 85' lang='lat' dir='ltr'><strong>qua·</strong></span> 
     </span>
     <span class='ocr_line' id='line_1_6' title="bbox 177 793 1314 874; baseline 0.001 -17"><span class='ocrx_word' id='word_1_36' title='bbox 177 801 264 858; x_wconf 90' lang='lat' dir='ltr'><strong>tenus</strong></span> <span class='ocrx_word' id='word_1_37' title='bbox 286 795 511 858; x_wconf 65' lang='lat' dir='ltr'><strong>constitutiones</strong></span> <span class='ocrx_word' id='word_1_38' title='bbox 541 802 679 874; x_wconf 88' lang='lat' dir='ltr'><strong>receptae</strong></span> <span class='ocrx_word' id='word_1_39' title='bbox 708 795 783 870; x_wconf 89' lang='lat' dir='ltr'><strong>siut,</strong></span> <span class='ocrx_word' id='word_1_40' title='bbox 813 811 881 856; x_wconf 88' lang='lat' dir='ltr'><strong>esse</strong></span> <span class='ocrx_word' id='word_1_41' title='bbox 911 795 989 856; x_wconf 87' lang='lat' dir='ltr'><strong>circu</strong></span> <span class='ocrx_word' id='word_1_42' title='bbox 1019 793 1150 858; x_wconf 89' lang='lat' dir='ltr'><strong>edendas</strong></span> <span class='ocrx_word' id='word_1_43' title='bbox 1181 797 1314 860; x_wconf 84' lang='lat' dir='ltr'><strong>actiones</strong></span> 
     </span>
     <span class='ocr_line' id='line_1_7' title="bbox 177 879 1315 962; baseline 0.004 -21"><span class='ocrx_word' id='word_1_44' title='bbox 177 882 328 961; x_wconf 83' lang='lat' dir='ltr'><strong>principia.</strong></span> <span class='ocrx_word' id='word_1_45' title='bbox 379 879 415 943; x_wconf 86' lang='lat' dir='ltr'><strong>Et</strong></span> <span class='ocrx_word' id='word_1_46' title='bbox 444 879 560 960; x_wconf 86' lang='lat' dir='ltr'><strong>quidem</strong></span> <span class='ocrx_word' id='word_1_47' title='bbox 584 899 608 942; x_wconf 90' lang='lat' dir='ltr'><strong>c.</strong></span> <span class='ocrx_word' id='word_1_48' title='bbox 635 880 649 941; x_wconf 87' lang='grc'><strong>1</strong></span> <span class='ocrx_word' id='word_1_49' title='bbox 675 879 743 942; x_wconf 87' lang='lat' dir='ltr'><strong>eod</strong></span> <span class='ocrx_word' id='word_1_50' title='bbox 767 881 878 958; x_wconf 83' lang='lat' dir='ltr'><strong>actori,</strong></span> <span class='ocrx_word' id='word_1_51' title='bbox 906 881 957 960; x_wconf 90' lang='lat' dir='ltr'><strong>qui</strong></span> <span class='ocrx_word' id='word_1_52' title='bbox 979 882 1123 942; x_wconf 87' lang='lat' dir='ltr'><strong>actionem</strong></span> <span class='ocrx_word' id='word_1_53' title='bbox 1146 882 1315 962; x_wconf 71' lang='lat' dir='ltr'><strong>encomiis</strong></span> 
     </span>
     <span class='ocr_line' id='line_1_8' title="bbox 177 967 1316 1048; baseline 0.003 -20"><span class='ocrx_word' id='word_1_54' title='bbox 177 967 379 1028; x_wconf 82' lang='lat' dir='ltr'><strong>instrumentis</strong></span> <span class='ocrx_word' id='word_1_55' title='bbox 402 967 529 1048; x_wconf 85' lang='lat' dir='ltr'><strong>probare</strong></span> <span class='ocrx_word' id='word_1_56' title='bbox 550 983 610 1029; x_wconf 96' lang='lat' dir='ltr'><strong>non</strong></span> <span class='ocrx_word' id='word_1_57' title='bbox 632 967 736 1046; x_wconf 88' lang='lat' dir='ltr'><strong>possit,</strong></span> <span class='ocrx_word' id='word_1_58' title='bbox 759 983 960 1028; x_wconf 75' lang='lat' dir='ltr'><strong>breonense</strong></span> <span class='ocrx_word' id='word_1_59' title='bbox 981 968 1101 1046; x_wconf 69' lang='lat' dir='ltr'><strong>connita</strong></span> <span class='ocrx_word' id='word_1_60' title='bbox 1116 967 1250 1029; x_wconf 82' lang='lat' dir='ltr'><strong>rationes</strong></span> <span class='ocrx_word' id='word_1_61' title='bbox 1264 971 1316 1031; x_wconf 85' lang='lat' dir='ltr'><strong>edi</strong></span> 
     </span>
    </p>

    <p class='ocr_par' dir='ltr' id='par_1_4' title="bbox 117 1051 1316 1478">
     <span class='ocr_line' id='line_1_9' title="bbox 178 1051 1315 1119; baseline 0.004 -6"><span class='ocrx_word' id='word_1_62' title='bbox 178 1051 286 1114; x_wconf 81' lang='lat' dir='ltr'><strong>debere</strong></span> <span class='ocrx_word' id='word_1_63' title='bbox 307 1051 422 1116; x_wconf 88' lang='lat' dir='ltr'><strong>videtur</strong></span> <span class='ocrx_word' id='word_1_64' title='bbox 444 1053 599 1117; x_wconf 81' lang='lat' dir='ltr'><strong>contineri.</strong></span> <span class='ocrx_word' id='word_1_65' title='bbox 644 1052 827 1114; x_wconf 77' lang='lat' dir='ltr'><strong>Contrarium</strong></span> <span class='ocrx_word' id='word_1_66' title='bbox 851 1059 947 1114; x_wconf 86' lang='lat' dir='ltr'><strong>tomen</strong></span> <span class='ocrx_word' id='word_1_67' title='bbox 970 1055 1034 1114; x_wconf 77' lang='lat' dir='ltr'><strong>cd</strong></span> <span class='ocrx_word' id='word_1_68' title='bbox 1056 1053 1123 1115; x_wconf 90' lang='lat' dir='ltr'><strong>eod.</strong></span> <span class='ocrx_word' id='word_1_69' title='bbox 1145 1053 1315 1119; x_wconf 81' lang='lat' dir='ltr'><strong>confirmat:</strong></span> 
     </span>
     <span class='ocr_line' id='line_1_10' title="bbox 117 1128 1316 1220; baseline 0.003 -20"><span class='ocrx_word' id='word_1_70' title='bbox 117 1128 121 1137; x_wconf 79' lang='grc'><strong>’</strong></span> <span class='ocrx_word' id='word_1_71' title='bbox 182 1163 186 1170; x_wconf 95' lang='grc'><strong><em>·</em></strong></span> <span class='ocrx_word' id='word_1_72' title='bbox 266 1138 341 1216; x_wconf 83' lang='lat' dir='ltr'><strong>,Qui</strong></span> <span class='ocrx_word' id='word_1_73' title='bbox 363 1155 512 1202; x_wconf 87' lang='lat' dir='ltr'><strong>accusare·</strong></span> <span class='ocrx_word' id='word_1_74' title='bbox 526 1138 852 1218; x_wconf 69' lang='lat' dir='ltr'><strong>voruntumbattones</strong></span> <span class='ocrx_word' id='word_1_75' title='bbox 870 1138 981 1202; x_wconf 78' lang='lat' dir='ltr'><strong>batere</strong></span> <span class='ocrx_word' id='word_1_76' title='bbox 1000 1139 1121 1216; x_wconf 88' lang='lat' dir='ltr'><strong>debent,</strong></span> <span class='ocrx_word' id='word_1_77' title='bbox 1143 1157 1232 1220; x_wconf 82' lang='lat' dir='ltr'><strong>quum</strong></span> <span class='ocrx_word' id='word_1_78' title='bbox 1255 1159 1316 1202; x_wconf 89' lang='lat' dir='ltr'><strong>ne-</strong></span> 
     </span>
     <span class='ocr_line' id='line_1_11' title="bbox 179 1223 1316 1307; baseline 0.003 -21"><span class='ocrx_word' id='word_1_79' title='bbox 179 1242 237 1305; x_wconf 90' lang='lat' dir='ltr'><strong>que</strong></span> <span class='ocrx_word' id='word_1_80' title='bbox 254 1225 330 1307; x_wconf 91' lang='lat' dir='ltr'><strong>juris</strong></span> <span class='ocrx_word' id='word_1_81' title='bbox 360 1243 457 1304; x_wconf 84' lang='lat' dir='ltr'><strong>neque</strong></span> <span class='ocrx_word' id='word_1_82' title='bbox 480 1224 635 1304; x_wconf 85' lang='lat' dir='ltr'><strong>aequitatis</strong></span> <span class='ocrx_word' id='word_1_83' title='bbox 663 1227 736 1288; x_wconf 89' lang='lat' dir='ltr'><strong>ratio</strong></span> <span class='ocrx_word' id='word_1_84' title='bbox 766 1225 927 1305; x_wconf 86' lang='lat' dir='ltr'><strong>permittat,</strong></span> <span class='ocrx_word' id='word_1_85' title='bbox 958 1231 990 1287; x_wconf 90' lang='lat' dir='ltr'><strong>ut</strong></span> <span class='ocrx_word' id='word_1_86' title='bbox 1012 1223 1174 1288; x_wconf 88' lang='lat' dir='ltr'><strong>alienorum</strong></span> <span class='ocrx_word' id='word_1_87' title='bbox 1197 1228 1316 1290; x_wconf 83' lang='lat' dir='ltr'><strong>instru-</strong></span> 
     </span>
     <span class='ocr_line' id='line_1_12' title="bbox 177 1309 1315 1391; baseline 0.004 -19"><span class='ocrx_word' id='word_1_88' title='bbox 177 1318 342 1374; x_wconf 88' lang='lat' dir='ltr'><strong>mentorum</strong></span> <span class='ocrx_word' id='word_1_89' title='bbox 365 1309 611 1390; x_wconf 84' lang='lat' dir='ltr'><strong>inspiciendorum</strong></span> <span class='ocrx_word' id='word_1_90' title='bbox 634 1317 765 1391; x_wconf 88' lang='lat' dir='ltr'><strong>potestas</strong></span> <span class='ocrx_word' id='word_1_91' title='bbox 782 1310 846 1372; x_wconf 89' lang='lat' dir='ltr'><strong>iieri</strong></span> <span class='ocrx_word' id='word_1_92' title='bbox 869 1311 982 1372; x_wconf 86' lang='lat' dir='ltr'><strong>debeat.</strong></span> <span class='ocrx_word' id='word_1_93' title='bbox 1020 1311 1131 1373; x_wconf 89' lang='lat' dir='ltr'><strong>Actore</strong></span> <span class='ocrx_word' id='word_1_94' title='bbox 1153 1313 1230 1374; x_wconf 89' lang='lat' dir='ltr'><strong>enim</strong></span> <span class='ocrx_word' id='word_1_95' title='bbox 1253 1331 1315 1376; x_wconf 92' lang='lat' dir='ltr'><strong>non</strong></span> 
     </span>
     <span class='ocr_line' id='line_1_13' title="bbox 178 1396 1268 1478; baseline 0.002 -19"><span class='ocrx_word' id='word_1_96' title='bbox 178 1398 334 1477; x_wconf 75' lang='lat' dir='ltr'><strong>probante,</strong></span> <span class='ocrx_word' id='word_1_97' title='bbox 357 1397 406 1476; x_wconf 84' lang='lat' dir='ltr'><strong>qui</strong></span> <span class='ocrx_word' id='word_1_98' title='bbox 429 1397 610 1471; x_wconf 81' lang='lat' dir='ltr'><strong>convenitur,</strong></span> <span class='ocrx_word' id='word_1_99' title='bbox 634 1397 689 1458; x_wconf 89' lang='lat' dir='ltr'><strong>etsi</strong></span> <span class='ocrx_word' id='word_1_100' title='bbox 712 1396 780 1459; x_wconf 89' lang='lat' dir='ltr'><strong>nibii</strong></span> <span class='ocrx_word' id='word_1_101' title='bbox 801 1399 865 1475; x_wconf 79' lang='lat' dir='ltr'><strong>inse</strong></span> <span class='ocrx_word' id='word_1_102' title='bbox 887 1397 1074 1478; x_wconf 81' lang='lat' dir='ltr'><strong>praestiterit,</strong></span> <span class='ocrx_word' id='word_1_103' title='bbox 1096 1399 1268 1478; x_wconf 80' lang='lat' dir='ltr'><strong>optinebit.“</strong></span> 
     </span>
    </p>

    <p class='ocr_par' dir='ltr' id='par_1_5' title="bbox 151 1481 1316 2234">
     <span class='ocr_line' id='line_1_14' title="bbox 266 1481 1313 1564; baseline 0.004 -22"><span class='ocrx_word' id='word_1_104' title='bbox 266 1481 312 1543; x_wconf 86' lang='lat' dir='ltr'><strong>Ad</strong></span> <span class='ocrx_word' id='word_1_105' title='bbox 341 1500 446 1546; x_wconf 88' lang='lat' dir='ltr'><strong>vocem</strong></span> <span class='ocrx_word' id='word_1_106' title='bbox 478 1481 707 1562; x_wconf 81' lang='lat' dir='ltr'><strong>„praestiterit“</strong></span> <span class='ocrx_word' id='word_1_107' title='bbox 739 1482 931 1564; x_wconf 84' lang='lat' dir='ltr'><strong>supplendum</strong></span> <span class='ocrx_word' id='word_1_108' title='bbox 961 1489 1023 1544; x_wconf 88' lang='lat' dir='ltr'><strong>est:</strong></span> <span class='ocrx_word' id='word_1_109' title='bbox 1055 1485 1313 1562; x_wconf 82' lang='lat' dir='ltr'><strong>„probationum.“</strong></span> 
     </span>
     <span class='ocr_line' id='line_1_15' title="bbox 180 1567 1316 1647; baseline 0.004 -17"><span class='ocrx_word' id='word_1_110' title='bbox 180 1568 320 1640; x_wconf 81' lang='lat' dir='ltr'><strong>Quamvis</strong></span> <span class='ocrx_word' id='word_1_111' title='bbox 355 1573 453 1631; x_wconf 88' lang='lat' dir='ltr'><strong>autem</strong></span> <span class='ocrx_word' id='word_1_112' title='bbox 492 1567 709 1646; x_wconf 79' lang='lat' dir='ltr'><strong>„accusatoris“</strong></span> <span class='ocrx_word' id='word_1_113' title='bbox 745 1569 854 1630; x_wconf 85' lang='lat' dir='ltr'><strong>mentio</strong></span> <span class='ocrx_word' id='word_1_114' title='bbox 888 1567 953 1645; x_wconf 86' lang='lat' dir='ltr'><strong>bat,</strong></span> <span class='ocrx_word' id='word_1_115' title='bbox 990 1569 1027 1630; x_wconf 92' lang='lat' dir='ltr'><strong>de</strong></span> <span class='ocrx_word' id='word_1_116' title='bbox 1058 1570 1183 1647; x_wconf 81' lang='lat' dir='ltr'><strong>priuata</strong></span> <span class='ocrx_word' id='word_1_117' title='bbox 1216 1578 1316 1634; x_wconf 88' lang='lat' dir='ltr'><strong>tumen</strong></span> 
     </span>
     <span class='ocr_line' id='line_1_16' title="bbox 179 1652 1315 1734; baseline 0.004 -19"><span class='ocrx_word' id='word_1_118' title='bbox 179 1656 296 1718; x_wconf 89' lang='lat' dir='ltr'><strong>notione</strong></span> <span class='ocrx_word' id='word_1_119' title='bbox 319 1655 366 1734; x_wconf 78' lang='lat' dir='ltr'><strong>agi</strong></span> <span class='ocrx_word' id='word_1_120' title='bbox 388 1671 425 1715; x_wconf 90' lang='lat' dir='ltr'><strong>eo</strong></span> <span class='ocrx_word' id='word_1_121' title='bbox 442 1652 578 1731; x_wconf 82' lang='lat' dir='ltr'><strong>edicitur,</strong></span> <span class='ocrx_word' id='word_1_122' title='bbox 601 1655 681 1733; x_wconf 84' lang='lat' dir='ltr'><strong>quod</strong></span> <span class='ocrx_word' id='word_1_123' title='bbox 697 1655 733 1716; x_wconf 88' lang='lat' dir='ltr'><strong>ed</strong></span> <span class='ocrx_word' id='word_1_124' title='bbox 753 1655 892 1732; x_wconf 83' lang='lat' dir='ltr'><strong>publicus</strong></span> <span class='ocrx_word' id='word_1_125' title='bbox 915 1658 1103 1733; x_wconf 82' lang='lat' dir='ltr'><strong>quaestiones</strong></span> <span class='ocrx_word' id='word_1_126' title='bbox 1127 1657 1315 1720; x_wconf 88' lang='lat' dir='ltr'><strong>instruendas</strong></span> 
     </span>
     <span class='ocr_line' id='line_1_17' title="bbox 180 1739 1314 1820; baseline 0.004 -18"><span class='ocrx_word' id='word_1_127' title='bbox 180 1739 306 1802; x_wconf 85' lang='lat' dir='ltr'><strong>delatori</strong></span> <span class='ocrx_word' id='word_1_128' title='bbox 328 1757 345 1801; x_wconf 86' lang='lat' dir='ltr'><strong>a</strong></span> <span class='ocrx_word' id='word_1_129' title='bbox 367 1739 533 1820; x_wconf 83' lang='lat' dir='ltr'><strong>primordiis</strong></span> <span class='ocrx_word' id='word_1_130' title='bbox 558 1742 636 1802; x_wconf 89' lang='lat' dir='ltr'><strong>urbis</strong></span> <span class='ocrx_word' id='word_1_131' title='bbox 659 1741 849 1804; x_wconf 84' lang='lat' dir='ltr'><strong>instrumenta</strong></span> <span class='ocrx_word' id='word_1_132' title='bbox 873 1747 903 1802; x_wconf 90' lang='lat' dir='ltr'><strong>et</strong></span> <span class='ocrx_word' id='word_1_133' title='bbox 926 1743 1055 1804; x_wconf 86' lang='lat' dir='ltr'><strong>rationes</strong></span> <span class='ocrx_word' id='word_1_134' title='bbox 1078 1741 1233 1804; x_wconf 88' lang='lat' dir='ltr'><strong>debuerint</strong></span> <span class='ocrx_word' id='word_1_135' title='bbox 1255 1745 1314 1806; x_wconf 88' lang='lat' dir='ltr'><strong>edi.</strong></span> 
     </span>
     <span class='ocr_line' id='line_1_18' title="bbox 179 1825 1313 1908; baseline 0.004 -20"><span class='ocrx_word' id='word_1_136' title='bbox 179 1825 239 1890; x_wconf 86' lang='lat' dir='ltr'><strong>Sed</strong></span> <span class='ocrx_word' id='word_1_137' title='bbox 262 1844 352 1905; x_wconf 88' lang='lat' dir='ltr'><strong>quum</strong></span> <span class='ocrx_word' id='word_1_138' title='bbox 375 1825 662 1903; x_wconf 82' lang='lat' dir='ltr'><strong>depredationibus</strong></span> <span class='ocrx_word' id='word_1_139' title='bbox 684 1845 710 1886; x_wconf 89' lang='lat' dir='ltr'><strong>c.</strong></span> <span class='ocrx_word' id='word_1_140' title='bbox 733 1826 755 1887; x_wconf 81' lang='lat'><strong>4</strong></span> <span class='ocrx_word' id='word_1_141' title='bbox 777 1827 912 1904; x_wconf 87' lang='lat' dir='ltr'><strong>disseret,</strong></span> <span class='ocrx_word' id='word_1_142' title='bbox 935 1828 1087 1888; x_wconf 85' lang='lat' dir='ltr'><strong>actionum</strong></span> <span class='ocrx_word' id='word_1_143' title='bbox 1109 1836 1139 1889; x_wconf 92' lang='lat' dir='ltr'><strong>et</strong></span> <span class='ocrx_word' id='word_1_144' title='bbox 1153 1831 1313 1908; x_wconf 81' lang='lat' dir='ltr'><strong>euoeptio-</strong></span> 
     </span>
     <span class='ocr_line' id='line_1_19' title="bbox 180 1909 1314 1993; baseline 0.006 -22"><span class='ocrx_word' id='word_1_145' title='bbox 180 1909 427 1972; x_wconf 75' lang='lat' dir='ltr'><strong>beneditionem</strong></span> <span class='ocrx_word' id='word_1_146' title='bbox 451 1929 508 1973; x_wconf 92' lang='lat' dir='ltr'><strong>non</strong></span> <span class='ocrx_word' id='word_1_147' title='bbox 532 1919 603 1992; x_wconf 89' lang='lat' dir='ltr'><strong>puto</strong></span> <span class='ocrx_word' id='word_1_148' title='bbox 626 1930 662 1973; x_wconf 87' lang='lat' dir='ltr'><strong>ea</strong></span> <span class='ocrx_word' id='word_1_149' title='bbox 678 1912 838 1986; x_wconf 82' lang='lat' dir='ltr'><strong>contineri3</strong></span> <span class='ocrx_word' id='word_1_150' title='bbox 861 1913 900 1974; x_wconf 94' lang='lat' dir='ltr'><strong>de</strong></span> <span class='ocrx_word' id='word_1_151' title='bbox 921 1919 1054 1993; x_wconf 87' lang='lat' dir='ltr'><strong>tempore</strong></span> <span class='ocrx_word' id='word_1_152' title='bbox 1076 1915 1152 1975; x_wconf 88' lang='lat' dir='ltr'><strong>enirn</strong></span> <span class='ocrx_word' id='word_1_153' title='bbox 1165 1923 1238 1993; x_wconf 81' lang='lat' dir='ltr'><strong>post</strong></span> <span class='ocrx_word' id='word_1_154' title='bbox 1257 1917 1314 1978; x_wconf 86' lang='lat' dir='ltr'><strong>titis</strong></span> 
     </span>
     <span class='ocr_line' id='line_1_20' title="bbox 151 1993 1316 2080; baseline 0.007 -24"><span class='ocrx_word' id='word_1_155' title='bbox 151 2033 156 2056; x_wconf 56' lang='lat' dir='ltr'><strong>r</strong></span> <span class='ocrx_word' id='word_1_156' title='bbox 180 1997 423 2058; x_wconf 82' lang='lat' dir='ltr'><strong>contestationem</strong></span> <span class='ocrx_word' id='word_1_157' title='bbox 437 1997 542 2076; x_wconf 87' lang='lat' dir='ltr'><strong>procui</strong></span> <span class='ocrx_word' id='word_1_158' title='bbox 558 1993 647 2059; x_wconf 89' lang='lat' dir='ltr'><strong>dubio</strong></span> <span class='ocrx_word' id='word_1_159' title='bbox 663 1997 797 2077; x_wconf 86' lang='lat' dir='ltr'><strong>loquitur.</strong></span> <span class='ocrx_word' id='word_1_160' title='bbox 822 1999 972 2062; x_wconf 81' lang='lat' dir='ltr'><strong>Sententia</strong></span> <span class='ocrx_word' id='word_1_161' title='bbox 992 2000 1080 2080; x_wconf 84' lang='lat' dir='ltr'><strong>igitur</strong></span> <span class='ocrx_word' id='word_1_162' title='bbox 1099 2018 1126 2062; x_wconf 86' lang='lat' dir='ltr'><strong>e.</strong></span> <span class='ocrx_word' id='word_1_163' title='bbox 1138 2001 1160 2063; x_wconf 87' lang='grc'>4</span> <span class='ocrx_word' id='word_1_164' title='bbox 1172 2003 1245 2063; x_wconf 82' lang='lat' dir='ltr'><strong>brec</strong></span> <span class='ocrx_word' id='word_1_165' title='bbox 1257 2009 1316 2080; x_wconf 83' lang='lat' dir='ltr'><strong>est,</strong></span> 
     </span>
     <span class='ocr_line' id='line_1_21' title="bbox 175 2081 1315 2165; baseline 0.006 -22"><span class='ocrx_word' id='word_1_166' title='bbox 175 2125 176 2128; x_wconf 63' lang='lat'><strong>,</strong></span> <span class='ocrx_word' id='word_1_167' title='bbox 268 2081 334 2160; x_wconf 80' lang='lat' dir='ltr'><strong>,Aa</strong></span> <span class='ocrx_word' id='word_1_168' title='bbox 360 2082 539 2161; x_wconf 83' lang='lat' dir='ltr'><strong>probandus</strong></span> <span class='ocrx_word' id='word_1_169' title='bbox 561 2084 693 2147; x_wconf 89' lang='lat' dir='ltr'><strong>actiones</strong></span> <span class='ocrx_word' id='word_1_170' title='bbox 716 2085 1110 2165; x_wconf 78' lang='lat' dir='ltr'><strong>exceptionesve,&#39;rationes</strong></span> <span class='ocrx_word' id='word_1_171' title='bbox 1131 2087 1315 2150; x_wconf 86' lang='lat' dir='ltr'><strong>instrumen-</strong></span> 
     </span>
     <span class='ocr_line' id='line_1_22' title="bbox 183 2167 1225 2234; baseline 0.001 -2"><span class='ocrx_word' id='word_1_172' title='bbox 183 2175 252 2232; x_wconf 90' lang='lat' dir='ltr'><strong>tave</strong></span> <span class='ocrx_word' id='word_1_173' title='bbox 275 2167 437 2232; x_wconf 82' lang='lat' dir='ltr'><strong>aduersarii</strong></span> <span class='ocrx_word' id='word_1_174' title='bbox 466 2168 545 2233; x_wconf 86' lang='lat' dir='ltr'><strong>nulio</strong></span> <span class='ocrx_word' id='word_1_175' title='bbox 568 2169 655 2234; x_wconf 87' lang='lat' dir='ltr'><strong>modo</strong></span> <span class='ocrx_word' id='word_1_176' title='bbox 679 2170 787 2233; x_wconf 91' lang='lat' dir='ltr'><strong>debent</strong></span> <span class='ocrx_word' id='word_1_177' title='bbox 809 2171 886 2233; x_wconf 83' lang='lat' dir='ltr'><strong>edi“</strong></span> <span class='ocrx_word' id='word_1_178' title='bbox 1113 2217 1116 2222; x_wconf 86' lang='lat'>-</span> <span class='ocrx_word' id='word_1_179' title='bbox 1222 2195 1225 2200; x_wconf 92' lang='lat'>·</span> 
     </span>
    </p>

    <p class='ocr_par' dir='ltr' id='par_1_6' title="bbox 171 2253 1318 3704">
     <span class='ocr_line' id='line_1_23' title="bbox 180 2253 1314 2341; baseline 0.005 -25"><span class='ocrx_word' id='word_1_180' title='bbox 180 2267 182 2272; x_wconf 84' lang='grc'><strong>’</strong></span> <span class='ocrx_word' id='word_1_181' title='bbox 269 2253 299 2316; x_wconf 85' lang='lat' dir='ltr'><strong>C.</strong></span> <span class='ocrx_word' id='word_1_182' title='bbox 322 2253 333 2314; x_wconf 92' lang='lat'>1</span> <span class='ocrx_word' id='word_1_183' title='bbox 355 2273 429 2318; x_wconf 92' lang='lat' dir='ltr'><strong>vero</strong></span> <span class='ocrx_word' id='word_1_184' title='bbox 452 2254 490 2326; x_wconf 88' lang='lat' dir='ltr'><strong>de</strong></span> <span class='ocrx_word' id='word_1_185' title='bbox 513 2255 641 2318; x_wconf 88' lang='lat' dir='ltr'><strong>editione</strong></span> <span class='ocrx_word' id='word_1_186' title='bbox 664 2255 828 2335; x_wconf 90' lang='lat' dir='ltr'><strong>disseritur,</strong></span> <span class='ocrx_word' id='word_1_187' title='bbox 851 2273 927 2337; x_wconf 89' lang='lat' dir='ltr'><strong>quae</strong></span> <span class='ocrx_word' id='word_1_188' title='bbox 950 2276 1044 2320; x_wconf 81' lang='lat' dir='ltr'><strong>ceusu</strong></span> <span class='ocrx_word' id='word_1_189' title='bbox 1065 2259 1188 2338; x_wconf 74' lang='lat' dir='ltr'><strong>coquito</strong></span> <span class='ocrx_word' id='word_1_190' title='bbox 1204 2255 1314 2341; x_wconf 82' lang='lat' dir='ltr'><strong>judicis</strong></span> 
     </span>
     <span class='ocr_line' id='line_1_24' title="bbox 179 2340 1317 2425; baseline 0.005 -23"><span class='ocrx_word' id='word_1_191' title='bbox 179 2340 280 2425; x_wconf 79' lang='lat' dir='ltr'><strong>officio</strong></span> <span class='ocrx_word' id='word_1_192' title='bbox 301 2342 446 2405; x_wconf 87' lang='lat' dir='ltr'><strong>contineri</strong></span> <span class='ocrx_word' id='word_1_193' title='bbox 468 2341 570 2405; x_wconf 83' lang='lat' dir='ltr'><strong>soleat.</strong></span> <span class='ocrx_word' id='word_1_194' title='bbox 613 2343 679 2404; x_wconf 84' lang='lat' dir='ltr'><strong>ium</strong></span> <span class='ocrx_word' id='word_1_195' title='bbox 702 2362 790 2424; x_wconf 87' lang='lat' dir='ltr'><strong>supra</strong></span> <span class='ocrx_word' id='word_1_196' title='bbox 813 2344 952 2420; x_wconf 87' lang='lat' dir='ltr'><strong>vidimus,</strong></span> <span class='ocrx_word' id='word_1_197' title='bbox 976 2345 1083 2424; x_wconf 88' lang='lat' dir='ltr'><strong>quibus</strong></span> <span class='ocrx_word' id='word_1_198' title='bbox 1106 2345 1261 2408; x_wconf 82' lang='lat' dir='ltr'><strong>decausis</strong></span> <span class='ocrx_word' id='word_1_199' title='bbox 1284 2347 1317 2408; x_wconf 94' lang='lat' dir='ltr'><strong>id</strong></span> 
     </span>
     <span class='ocr_line' id='line_1_25' title="bbox 179 2425 1316 2510; baseline 0.004 -20"><span class='ocrx_word' id='word_1_200' title='bbox 179 2428 289 2490; x_wconf 86' lang='lat' dir='ltr'><strong>facturn</strong></span> <span class='ocrx_word' id='word_1_201' title='bbox 311 2428 357 2490; x_wconf 91' lang='lat' dir='ltr'><strong>sit.</strong></span> <span class='ocrx_word' id='word_1_202' title='bbox 401 2425 437 2490; x_wconf 84' lang='lat' dir='ltr'><strong>Et</strong></span> <span class='ocrx_word' id='word_1_203' title='bbox 460 2437 562 2491; x_wconf 88' lang='lat' dir='ltr'><strong>nostro</strong></span> <span class='ocrx_word' id='word_1_204' title='bbox 586 2429 701 2509; x_wconf 89' lang='lat' dir='ltr'><strong>quidem</strong></span> <span class='ocrx_word' id='word_1_205' title='bbox 716 2429 782 2492; x_wconf 89' lang='lat' dir='ltr'><strong>ioco</strong></span> <span class='ocrx_word' id='word_1_206' title='bbox 798 2448 886 2510; x_wconf 88' lang='lat' dir='ltr'><strong>quum</strong></span> <span class='ocrx_word' id='word_1_207' title='bbox 905 2432 1032 2492; x_wconf 83' lang='lat' dir='ltr'><strong>iteratae</strong></span> <span class='ocrx_word' id='word_1_208' title='bbox 1046 2429 1182 2494; x_wconf 85' lang='lat' dir='ltr'><strong>editionis</strong></span> <span class='ocrx_word' id='word_1_209' title='bbox 1205 2433 1316 2496; x_wconf 88' lang='lat' dir='ltr'><strong>mentio</strong></span> 
     </span>
     <span class='ocr_line' id='line_1_26' title="bbox 181 2511 1317 2598; baseline 0.005 -24"><span class='ocrx_word' id='word_1_210' title='bbox 181 2529 240 2574; x_wconf 91' lang='lat' dir='ltr'><strong>non</strong></span> <span class='ocrx_word' id='word_1_211' title='bbox 264 2511 322 2588; x_wconf 88' lang='lat' dir='ltr'><strong>iiat,</strong></span> <span class='ocrx_word' id='word_1_212' title='bbox 344 2515 517 2576; x_wconf 85' lang='lat' dir='ltr'><strong>necessario</strong></span> <span class='ocrx_word' id='word_1_213' title='bbox 540 2514 576 2576; x_wconf 89' lang='lat' dir='ltr'><strong>de</strong></span> <span class='ocrx_word' id='word_1_214' title='bbox 599 2517 783 2594; x_wconf 66' lang='lat' dir='ltr'><strong>unguentariis</strong></span> <span class='ocrx_word' id='word_1_215' title='bbox 804 2517 969 2579; x_wconf 69' lang='lat' dir='ltr'><strong>rationibus,</strong></span> <span class='ocrx_word' id='word_1_216' title='bbox 988 2517 1094 2597; x_wconf 83' lang='lat' dir='ltr'><strong>agitur.</strong></span> <span class='ocrx_word' id='word_1_217' title='bbox 1140 2517 1237 2598; x_wconf 85' lang='lat' dir='ltr'><strong>Atque</strong></span> <span class='ocrx_word' id='word_1_218' title='bbox 1260 2519 1317 2582; x_wconf 91' lang='lat' dir='ltr'><strong>boc</strong></span> 
     </span>
     <span class='ocr_line' id='line_1_27' title="bbox 181 2596 1316 2682; baseline 0.007 -22"><span class='ocrx_word' id='word_1_219' title='bbox 181 2596 404 2660; x_wconf 83' lang='lat' dir='ltr'><strong>sensu-Marius</strong></span> <span class='ocrx_word' id='word_1_220' title='bbox 426 2599 520 2660; x_wconf 86' lang='lat' dir='ltr'><strong>Arcas</strong></span> <span class='ocrx_word' id='word_1_221' title='bbox 540 2597 639 2660; x_wconf 88' lang='lat' dir='ltr'><strong>iocum</strong></span> <span class='ocrx_word' id='word_1_222' title='bbox 662 2601 807 2662; x_wconf 80' lang='lat' dir='ltr'><strong>subtiliter</strong></span> <span class='ocrx_word' id='word_1_223' title='bbox 829 2603 1035 2681; x_wconf 88' lang='lat' dir='ltr'><strong>interpretatus</strong></span> <span class='ocrx_word' id='word_1_224' title='bbox 1058 2610 1113 2682; x_wconf 87' lang='lat' dir='ltr'><strong>est,</strong></span> <span class='ocrx_word' id='word_1_225' title='bbox 1136 2606 1217 2666; x_wconf 90' lang='lat' dir='ltr'><strong>cuius</strong></span> <span class='ocrx_word' id='word_1_226' title='bbox 1240 2617 1316 2668; x_wconf 84' lang='lat' dir='ltr'><strong>sen-</strong></span> 
     </span>
     <span class='ocr_line' id='line_1_28' title="bbox 182 2681 1317 2769; baseline 0.005 -23"><span class='ocrx_word' id='word_1_227' title='bbox 182 2684 300 2746; x_wconf 88' lang='lat' dir='ltr'><strong>tentiam</strong></span> <span class='ocrx_word' id='word_1_228' title='bbox 330 2681 596 2764; x_wconf 82' lang='lat' dir='ltr'><strong>Aimendingenins</strong></span> <span class='ocrx_word' id='word_1_229' title='bbox 627 2703 741 2748; x_wconf 90' lang='lat' dir='ltr'><strong>summo</strong></span> <span class='ocrx_word' id='word_1_230' title='bbox 766 2688 835 2767; x_wconf 89' lang='lat' dir='ltr'><strong>jure</strong></span> <span class='ocrx_word' id='word_1_231' title='bbox 866 2689 986 2767; x_wconf 83' lang='lat' dir='ltr'><strong>recepit.</strong></span> <span class='ocrx_word' id='word_1_232' title='bbox 1038 2687 1146 2769; x_wconf 82' lang='lat' dir='ltr'><strong>Agitur</strong></span> <span class='ocrx_word' id='word_1_233' title='bbox 1176 2692 1253 2752; x_wconf 89' lang='lat' dir='ltr'><strong>enim</strong></span> <span class='ocrx_word' id='word_1_234' title='bbox 1276 2691 1317 2752; x_wconf 89' lang='lat' dir='ltr'><strong>de</strong></span> 
     </span>
     <span class='ocr_line' id='line_1_29' title="bbox 180 2769 1316 2858; baseline 0.008 -27"><span class='ocrx_word' id='word_1_235' title='bbox 180 2769 303 2848; x_wconf 82' lang='lat' dir='ltr'><strong>negotio</strong></span> <span class='ocrx_word' id='word_1_236' title='bbox 326 2786 380 2848; x_wconf 83' lang='lat' dir='ltr'><strong>per</strong></span> <span class='ocrx_word' id='word_1_237' title='bbox 402 2787 522 2832; x_wconf 87' lang='lat' dir='ltr'><strong>mensae</strong></span> <span class='ocrx_word' id='word_1_238' title='bbox 545 2770 718 2851; x_wconf 84' lang='lat' dir='ltr'><strong>scripturam</strong></span> <span class='ocrx_word' id='word_1_239' title='bbox 742 2779 894 2838; x_wconf 85' lang='lat' dir='ltr'><strong>contractu</strong></span> <span class='ocrx_word' id='word_1_240' title='bbox 902 2793 911 2847; x_wconf 83' lang='lat'>3</span> <span class='ocrx_word' id='word_1_241' title='bbox 934 2772 1040 2836; x_wconf 90' lang='lat' dir='ltr'><strong>deinde</strong></span> <span class='ocrx_word' id='word_1_242' title='bbox 1057 2781 1112 2837; x_wconf 87' lang='lat' dir='ltr'><strong>tam</strong></span> <span class='ocrx_word' id='word_1_243' title='bbox 1129 2778 1316 2858; x_wconf 74' lang='lat' dir='ltr'><strong>argentarius</strong></span> 
     </span>
     <span class='ocr_line' id='line_1_30' title="bbox 176 2853 1318 2944; baseline 0.008 -28"><span class='ocrx_word' id='word_1_244' title='bbox 176 2853 281 2917; x_wconf 83' lang='lat' dir='ltr'><strong>codex</strong></span> <span class='ocrx_word' id='word_1_245' title='bbox 310 2870 395 2934; x_wconf 85' lang='lat' dir='ltr'><strong>quarn</strong></span> <span class='ocrx_word' id='word_1_246' title='bbox 425 2855 593 2935; x_wconf 86' lang='lat' dir='ltr'><strong>exemplum</strong></span> <span class='ocrx_word' id='word_1_247' title='bbox 623 2857 734 2938; x_wconf 81' lang='lat' dir='ltr'><strong>negotii</strong></span> <span class='ocrx_word' id='word_1_248' title='bbox 763 2859 902 2920; x_wconf 86' lang='lat' dir='ltr'><strong>creditori</strong></span> <span class='ocrx_word' id='word_1_249' title='bbox 932 2860 1068 2921; x_wconf 88' lang='lat' dir='ltr'><strong>traditum</strong></span> <span class='ocrx_word' id='word_1_250' title='bbox 1100 2857 1160 2944; x_wconf 85' lang='lat' dir='ltr'><strong>(uti</strong></span> <span class='ocrx_word' id='word_1_251' title='bbox 1182 2863 1318 2925; x_wconf 86' lang='lat' dir='ltr'><strong>sotebant</strong></span> 
     </span>
     <span class='ocr_line' id='line_1_31' title="bbox 182 2939 1317 3025; baseline 0.01 -23"><span class='ocrx_word' id='word_1_252' title='bbox 182 2941 341 3020; x_wconf 85' lang='lat' dir='ltr'><strong>argentarii</strong></span> <span class='ocrx_word' id='word_1_253' title='bbox 364 2939 602 3004; x_wconf 87' lang='lat' dir='ltr'><strong>contrahentibus</strong></span> <span class='ocrx_word' id='word_1_254' title='bbox 625 2939 770 3025; x_wconf 63' lang='lat' dir='ltr'><strong>mittere)</strong></span> <span class='ocrx_word' id='word_1_255' title='bbox 784 2961 855 3006; x_wconf 87' lang='lat' dir='ltr'><strong>casu</strong></span> <span class='ocrx_word' id='word_1_256' title='bbox 879 2946 1009 3025; x_wconf 88' lang='lat' dir='ltr'><strong>quodam</strong></span> <span class='ocrx_word' id='word_1_257' title='bbox 1028 2947 1203 3010; x_wconf 89' lang='lat' dir='ltr'><strong>amittuntur.</strong></span> <span class='ocrx_word' id='word_1_258' title='bbox 1234 2950 1317 3013; x_wconf 84' lang='lat' dir='ltr'><strong>Con·-</strong></span> 
     </span>
     <span class='ocr_line' id='line_1_32' title="bbox 176 3030 1318 3114; baseline 0.006 -25"><span class='ocrx_word' id='word_1_259' title='bbox 176 3031 239 3090; x_wconf 62' lang='lat' dir='ltr'><strong>‘stat</strong></span> <span class='ocrx_word' id='word_1_260' title='bbox 255 3031 374 3100; x_wconf 84' lang='lat' dir='ltr'><strong>autern,</strong></span> <span class='ocrx_word' id='word_1_261' title='bbox 407 3043 472 3088; x_wconf 86' lang='lat' dir='ltr'><strong>eam</strong></span> <span class='ocrx_word' id='word_1_262' title='bbox 493 3030 690 3109; x_wconf 61' lang='lat' dir='ltr'><strong>esse‘Justam</strong></span> <span class='ocrx_word' id='word_1_263' title='bbox 714 3047 848 3108; x_wconf 90' lang='lat' dir='ltr'><strong>causam,</strong></span> <span class='ocrx_word' id='word_1_264' title='bbox 870 3031 915 3093; x_wconf 83' lang='lat' dir='ltr'><strong>&#39;de</strong></span> <span class='ocrx_word' id='word_1_265' title='bbox 938 3049 993 3112; x_wconf 87' lang='lat' dir='ltr'><strong>qua</strong></span> <span class='ocrx_word' id='word_1_266' title='bbox 1016 3035 1184 3114; x_wconf 83' lang='lat' dir='ltr'><strong>argentario</strong></span> <span class='ocrx_word' id='word_1_267' title='bbox 1207 3043 1318 3114; x_wconf 82' lang='lat' dir='ltr'><strong>postu-</strong></span> 
     </span>
     <span class='ocr_line' id='line_1_33' title="bbox 179 3111 1317 3197; baseline 0.009 -22"><span class='ocrx_word' id='word_1_268' title='bbox 179 3113 253 3175; x_wconf 64' lang='lat' dir='ltr'><strong>&#39;lanti</strong></span> <span class='ocrx_word' id='word_1_269' title='bbox 275 3129 292 3174; x_wconf 95' lang='lat' dir='ltr'><strong>a</strong></span> <span class='ocrx_word' id='word_1_270' title='bbox 314 3111 450 3176; x_wconf 88' lang='lat' dir='ltr'><strong>debitore</strong></span> <span class='ocrx_word' id='word_1_271' title='bbox 473 3115 638 3194; x_wconf 85' lang='lat' dir='ltr'><strong>exemptum</strong></span> <span class='ocrx_word' id='word_1_272' title='bbox 662 3115 710 3177; x_wconf 89' lang='lat' dir='ltr'><strong>edi</strong></span> <span class='ocrx_word' id='word_1_273' title='bbox 733 3115 848 3192; x_wconf 90' lang='lat' dir='ltr'><strong>debeat,</strong></span> <span class='ocrx_word' id='word_1_274' title='bbox 871 3135 929 3197; x_wconf 91' lang='lat' dir='ltr'><strong>quo</strong></span> <span class='ocrx_word' id='word_1_275' title='bbox 946 3117 1078 3181; x_wconf 82' lang='lat' dir='ltr'><strong>codicem</strong></span> <span class='ocrx_word' id='word_1_276' title='bbox 1101 3119 1150 3180; x_wconf 88' lang='lat' dir='ltr'><strong>iiie</strong></span> <span class='ocrx_word' id='word_1_277' title='bbox 1174 3123 1317 3186; x_wconf 85' lang='lat' dir='ltr'><strong>restituat.</strong></span> 
     </span>
     <span class='ocr_line' id='line_1_34' title="bbox 182 3197 1318 3287; baseline 0.004 -27"><span class='ocrx_word' id='word_1_278' title='bbox 182 3197 318 3261; x_wconf 78' lang='lat' dir='ltr'><strong>Creditur</strong></span> <span class='ocrx_word' id='word_1_279' title='bbox 339 3200 425 3261; x_wconf 91' lang='lat' dir='ltr'><strong>etiam</strong></span> <span class='ocrx_word' id='word_1_280' title='bbox 448 3201 512 3262; x_wconf 91' lang='lat' dir='ltr'><strong>sine</strong></span> <span class='ocrx_word' id='word_1_281' title='bbox 534 3204 608 3282; x_wconf 84' lang='lat' dir='ltr'><strong>justa</strong></span> <span class='ocrx_word' id='word_1_282' title='bbox 632 3220 719 3264; x_wconf 89' lang='lat' dir='ltr'><strong>cause</strong></span> <span class='ocrx_word' id='word_1_283' title='bbox 743 3203 779 3266; x_wconf 85' lang='lat' dir='ltr'><strong>ab</strong></span> <span class='ocrx_word' id='word_1_284' title='bbox 802 3203 969 3284; x_wconf 69' lang='lat' dir='ltr'><strong>argentario</strong></span> <span class='ocrx_word' id='word_1_285' title='bbox 991 3203 1067 3266; x_wconf 89' lang='lat' dir='ltr'><strong>idem</strong></span> <span class='ocrx_word' id='word_1_286' title='bbox 1083 3205 1235 3284; x_wconf 76' lang='lat' dir='ltr'><strong>postulare</strong></span> <span class='ocrx_word' id='word_1_287' title='bbox 1257 3225 1318 3287; x_wconf 64' lang='lat' dir='ltr'><strong>poa..</strong></span> 
     </span>
     <span class='ocr_line' id='line_1_35' title="bbox 181 3284 1318 3370; baseline 0.008 -24"><span class='ocrx_word' id='word_1_288' title='bbox 181 3289 250 3350; x_wconf 84' lang='lat' dir='ltr'><strong>test.</strong></span> <span class='ocrx_word' id='word_1_289' title='bbox 295 3284 362 3356; x_wconf 80' lang='lat' dir='ltr'><strong>Quo</strong></span> <span class='ocrx_word' id='word_1_290' title='bbox 384 3284 520 3363; x_wconf 86' lang='lat' dir='ltr'><strong>efficitur,</strong></span> <span class='ocrx_word' id='word_1_291' title='bbox 539 3285 644 3350; x_wconf 85' lang='lat' dir='ltr'><strong>nostro</strong></span> <span class='ocrx_word' id='word_1_292' title='bbox 667 3287 734 3350; x_wconf 91' lang='lat' dir='ltr'><strong>loeo</strong></span> <span class='ocrx_word' id='word_1_293' title='bbox 758 3289 942 3350; x_wconf 86' lang='lat' dir='ltr'><strong>creditorem</strong></span> <span class='ocrx_word' id='word_1_294' title='bbox 958 3290 994 3351; x_wconf 90' lang='lat' dir='ltr'><strong>ab</strong></span> <span class='ocrx_word' id='word_1_295' title='bbox 1013 3291 1077 3370; x_wconf 85' lang='lat' dir='ltr'><strong>ipso</strong></span> <span class='ocrx_word' id='word_1_296' title='bbox 1093 3291 1228 3356; x_wconf 86' lang='lat' dir='ltr'><strong>debitore</strong></span> <span class='ocrx_word' id='word_1_297' title='bbox 1250 3293 1318 3356; x_wconf 87' lang='lat' dir='ltr'><strong>edi-</strong></span> 
     </span>
     <span class='ocr_line' id='line_1_36' title="bbox 183 3369 1317 3453; baseline 0.011 -24"><span class='ocrx_word' id='word_1_298' title='bbox 183 3369 293 3430; x_wconf 89' lang='lat' dir='ltr'><strong>tionem</strong></span> <span class='ocrx_word' id='word_1_299' title='bbox 316 3370 464 3448; x_wconf 78' lang='lat' dir='ltr'><strong>postulare</strong></span> <span class='ocrx_word' id='word_1_300' title='bbox 484 3389 577 3433; x_wconf 85' lang='lat' dir='ltr'><strong>eausa</strong></span> <span class='ocrx_word' id='word_1_301' title='bbox 598 3375 731 3453; x_wconf 82' lang='lat' dir='ltr'><strong>cognita:</strong></span> <span class='ocrx_word' id='word_1_302' title='bbox 762 3391 837 3452; x_wconf 87' lang='lat' dir='ltr'><strong>quae</strong></span> <span class='ocrx_word' id='word_1_303' title='bbox 860 3373 949 3440; x_wconf 78' lang='lat' dir='ltr'><strong>editio</strong></span> <span class='ocrx_word' id='word_1_304' title='bbox 979 3375 1064 3440; x_wconf 79' lang='lat' dir='ltr'><strong>breui</strong></span> <span class='ocrx_word' id='word_1_305' title='bbox 1085 3397 1176 3440; x_wconf 82' lang='lat' dir='ltr'><strong>mauu</strong></span> <span class='ocrx_word' id='word_1_306' title='bbox 1198 3378 1317 3442; x_wconf 83' lang='lat' dir='ltr'><strong>uidetur</strong></span> 
     </span>
     <span class='ocr_line' id='line_1_37' title="bbox 182 3453 1318 3542; baseline 0.012 -29"><span class='ocrx_word' id='word_1_307' title='bbox 182 3453 257 3530; x_wconf 81' lang='lat' dir='ltr'><strong>fieri,</strong></span> <span class='ocrx_word' id='word_1_308' title='bbox 279 3453 392 3516; x_wconf 83' lang='lat' dir='ltr'><strong>subiate</strong></span> <span class='ocrx_word' id='word_1_309' title='bbox 414 3475 432 3516; x_wconf 91' lang='lat' dir='ltr'><strong>e</strong></span> <span class='ocrx_word' id='word_1_310' title='bbox 454 3457 553 3518; x_wconf 91' lang='lat' dir='ltr'><strong>medic</strong></span> <span class='ocrx_word' id='word_1_311' title='bbox 573 3459 732 3537; x_wconf 84' lang='lat' dir='ltr'><strong>argentarii</strong></span> <span class='ocrx_word' id='word_1_312' title='bbox 754 3458 890 3525; x_wconf 84' lang='lat' dir='ltr'><strong>editione.</strong></span> <span class='ocrx_word' id='word_1_313' title='bbox 933 3459 1011 3523; x_wconf 88' lang='lat' dir='ltr'><strong>idenr</strong></span> <span class='ocrx_word' id='word_1_314' title='bbox 1035 3463 1113 3530; x_wconf 89' lang='lat' dir='ltr'><strong>eninr</strong></span> <span class='ocrx_word' id='word_1_315' title='bbox 1134 3472 1195 3542; x_wconf 90' lang='lat' dir='ltr'><strong>est,</strong></span> <span class='ocrx_word' id='word_1_316' title='bbox 1219 3473 1318 3527; x_wconf 88' lang='lat' dir='ltr'><strong>utrum</strong></span> 
     </span>
     <span class='ocr_line' id='line_1_38' title="bbox 184 3541 1315 3628; baseline 0.012 -28"><span class='ocrx_word' id='word_1_317' title='bbox 184 3541 351 3620; x_wconf 82' lang='lat' dir='ltr'><strong>argentario</strong></span> <span class='ocrx_word' id='word_1_318' title='bbox 373 3541 498 3620; x_wconf 88' lang='lat' dir='ltr'><strong>primum</strong></span> <span class='ocrx_word' id='word_1_319' title='bbox 520 3561 537 3608; x_wconf 85' lang='lat' dir='ltr'><strong>u</strong></span> <span class='ocrx_word' id='word_1_320' title='bbox 560 3543 694 3606; x_wconf 89' lang='lat' dir='ltr'><strong>debitore</strong></span> <span class='ocrx_word' id='word_1_321' title='bbox 716 3543 838 3623; x_wconf 85' lang='lat' dir='ltr'><strong>edatur,</strong></span> <span class='ocrx_word' id='word_1_322' title='bbox 867 3545 915 3609; x_wconf 89' lang='lat' dir='ltr'><strong>iile</strong></span> <span class='ocrx_word' id='word_1_323' title='bbox 938 3545 1049 3610; x_wconf 89' lang='lat' dir='ltr'><strong>deinde</strong></span> <span class='ocrx_word' id='word_1_324' title='bbox 1067 3549 1206 3614; x_wconf 84' lang='lat' dir='ltr'><strong>creditori</strong></span> <span class='ocrx_word' id='word_1_325' title='bbox 1227 3551 1315 3628; x_wconf 80' lang='lat' dir='ltr'><strong>edat3</strong></span> 
     </span>
     <span class='ocr_line' id='line_1_39' title="bbox 171 3625 1166 3704; baseline 0.011 -19"><span class='ocrx_word' id='word_1_326' title='bbox 171 3641 222 3704; x_wconf 31' lang='lat' dir='ltr'><strong>,an</strong></span> <span class='ocrx_word' id='word_1_327' title='bbox 243 3625 338 3688; x_wconf 87' lang='lat' dir='ltr'><strong>statim</strong></span> <span class='ocrx_word' id='word_1_328' title='bbox 360 3625 476 3688; x_wconf 90' lang='lat' dir='ltr'><strong>debitor</strong></span> <span class='ocrx_word' id='word_1_329' title='bbox 497 3627 637 3690; x_wconf 91' lang='lat' dir='ltr'><strong>creditori</strong></span> <span class='ocrx_word' id='word_1_330' title='bbox 656 3629 799 3692; x_wconf 87' lang='lat' dir='ltr'><strong>exhibeat.</strong></span> <span class='ocrx_word' id='word_1_331' title='bbox 956 3665 982 3672; x_wconf 83' lang='lat'><strong>..</strong></span> <span class='ocrx_word' id='word_1_332' title='bbox 1013 3685 1014 3688; x_wconf 63' lang='grc'>,</span> <span class='ocrx_word' id='word_1_333' title='bbox 1163 3657 1166 3660; x_wconf 94' lang='grc'><em>·</em></span> 
     </span>
    </p>

    <p class='ocr_par' dir='ltr' id='par_1_7' title="bbox 222 3709 1068 3801">
     <span class='ocr_line' id='line_1_40' title="bbox 222 3709 1068 3801; baseline 0.009 -28"><span class='ocrx_word' id='word_1_334' title='bbox 222 3753 225 3758; x_wconf 90' lang='grc'><strong>-</strong></span> <span class='ocrx_word' id='word_1_335' title='bbox 270 3709 328 3774; x_wconf 86' lang='lat' dir='ltr'><strong>Sed</strong></span> <span class='ocrx_word' id='word_1_336' title='bbox 351 3729 376 3774; x_wconf 90' lang='lat' dir='ltr'><strong>o.</strong></span> <span class='ocrx_word' id='word_1_337' title='bbox 400 3712 419 3773; x_wconf 88' lang='lat'>5</span> <span class='ocrx_word' id='word_1_338' title='bbox 440 3712 528 3772; x_wconf 72' lang='lat' dir='ltr'><strong>&#39;etiam</strong></span> <span class='ocrx_word' id='word_1_339' title='bbox 552 3713 618 3774; x_wconf 90' lang='lat' dir='ltr'><strong>eod.</strong></span> <span class='ocrx_word' id='word_1_340' title='bbox 643 3734 668 3776; x_wconf 89' lang='lat' dir='ltr'><strong>e.</strong></span> <span class='ocrx_word' id='word_1_341' title='bbox 691 3715 712 3777; x_wconf 83' lang='lat'>4</span> <span class='ocrx_word' id='word_1_342' title='bbox 733 3716 848 3780; x_wconf 88' lang='lat' dir='ltr'><strong>videtur</strong></span> <span class='ocrx_word' id='word_1_343' title='bbox 869 3737 1068 3801; x_wconf 77' lang='lat' dir='ltr'><strong>repugnare2·</strong></span> 
     </span>
    </p>

    <p class='ocr_par' dir='ltr' id='par_1_8' title="bbox 174 3795 1319 4400">
     <span class='ocr_line' id='line_1_41' title="bbox 270 3795 1316 3895; baseline 0.015 -38.571"><span class='ocrx_word' id='word_1_344' title='bbox 270 3795 344 3876; x_wconf 73' lang='lat' dir='ltr'><strong>Imp.</strong></span> <span class='ocrx_word' id='word_1_345' title='bbox 366 3796 559 3864; x_wconf 75' lang='lat' dir='ltr'><strong>Areeaeuer:</strong></span> <span class='ocrx_word' id='word_1_346' title='bbox 584 3799 667 3877; x_wconf 87' lang='lat' dir='ltr'><strong>,Non</strong></span> <span class='ocrx_word' id='word_1_347' title='bbox 690 3811 738 3864; x_wconf 90' lang='lat' dir='ltr'><strong>est</strong></span> <span class='ocrx_word' id='word_1_348' title='bbox 759 3821 877 3880; x_wconf 89' lang='lat' dir='ltr'><strong>novum,</strong></span> <span class='ocrx_word' id='word_1_349' title='bbox 900 3823 989 3883; x_wconf 89' lang='lat' dir='ltr'><strong>cum,</strong></span> <span class='ocrx_word' id='word_1_350' title='bbox 1006 3826 1026 3868; x_wconf 87' lang='lat' dir='ltr'><strong>a</strong></span> <span class='ocrx_word' id='word_1_351' title='bbox 1046 3825 1106 3886; x_wconf 92' lang='lat' dir='ltr'><strong>quo</strong></span> <span class='ocrx_word' id='word_1_352' title='bbox 1129 3804 1236 3888; x_wconf 88' lang='lat' dir='ltr'><strong>petitur</strong></span> <span class='ocrx_word' id='word_1_353' title='bbox 1258 3826 1316 3895; x_wconf 77' lang='lat' dir='ltr'><strong>pe-</strong></span> 
     </span>
     <span class='ocr_line' id='line_1_42' title="bbox 185 3883 1314 3975; baseline 0.012 -31"><span class='ocrx_word' id='word_1_354' title='bbox 185 3883 458 3964; x_wconf 74' lang='lat' dir='ltr'><strong>cunie,&#39;implorere</strong></span> <span class='ocrx_word' id='word_1_355' title='bbox 476 3885 606 3947; x_wconf 86' lang='lat' dir='ltr'><strong>rationes</strong></span> <span class='ocrx_word' id='word_1_356' title='bbox 618 3885 784 3966; x_wconf 86' lang='lat' dir='ltr'><strong>creditoris,</strong></span> <span class='ocrx_word' id='word_1_357' title='bbox 806 3895 838 3951; x_wconf 89' lang='lat' dir='ltr'><strong>ut</strong></span> <span class='ocrx_word' id='word_1_358' title='bbox 857 3890 933 3953; x_wconf 83' lang='lat' dir='ltr'><strong>fides</strong></span> <span class='ocrx_word' id='word_1_359' title='bbox 945 3894 1018 3954; x_wconf 84' lang='lat' dir='ltr'><strong>-vert</strong></span> <span class='ocrx_word' id='word_1_360' title='bbox 1033 3901 1178 3956; x_wconf 81' lang='lat' dir='ltr'><strong>constare</strong></span> <span class='ocrx_word' id='word_1_361' title='bbox 1201 3895 1314 3975; x_wconf 78' lang='lat' dir='ltr'><strong>posstu‘</strong></span> 
     </span>
     <span class='ocr_line' id='line_1_43' title="bbox 186 3963 1312 4056; baseline 0.009 -26"><span class='ocrx_word' id='word_1_362' title='bbox 186 3966 288 4054; x_wconf 83' lang='lat' dir='ltr'><strong>(Bas.:</strong></span> <span class='ocrx_word' id='word_1_363' title='bbox 310 3963 494 4050; x_wconf 57' lang='lat' dir='ltr'><strong>intencio&lt;</strong></span> <span class='ocrx_word' id='word_1_364' title='bbox 517 3966 815 4056; x_wconf 53' lang='lat' dir='ltr'><strong>demitteredemittere).</strong></span> <span class='ocrx_word' id='word_1_365' title='bbox 908 4019 910 4022; x_wconf 87' lang='lat'>-</span> <span class='ocrx_word' id='word_1_366' title='bbox 1223 4017 1225 4024; x_wconf 62' lang='lat'>‹</span> <span class='ocrx_word' id='word_1_367' title='bbox 1310 4017 1312 4028; x_wconf 56' lang='grc' dir='ltr'><strong><em>ι</em></strong></span> 
     </span>
     <span class='ocr_line' id='line_1_44' title="bbox 175 4052 1317 4146; baseline 0.017 -34"><span class='ocrx_word' id='word_1_368' title='bbox 175 4085 177 4090; x_wconf 88' lang='lat'><em>·</em></span> <span class='ocrx_word' id='word_1_369' title='bbox 273 4052 531 4135; x_wconf 81' lang='lat' dir='ltr'><strong>Aimendingenius</strong></span> <span class='ocrx_word' id='word_1_370' title='bbox 562 4058 779 4136; x_wconf 76' lang='lat' dir='ltr'><strong>quidembune</strong></span> <span class='ocrx_word' id='word_1_371' title='bbox 809 4077 928 4142; x_wconf 86' lang='lat' dir='ltr'><strong>queque</strong></span> <span class='ocrx_word' id='word_1_372' title='bbox 951 4063 1054 4126; x_wconf 85' lang='lat' dir='ltr'><strong>ionum&#39;</strong></span> <span class='ocrx_word' id='word_1_373' title='bbox 1070 4063 1108 4126; x_wconf 89' lang='lat' dir='ltr'><strong>ad</strong></span> <span class='ocrx_word' id='word_1_374' title='bbox 1129 4068 1317 4146; x_wconf 69' lang='lat' dir='ltr'><strong>argentarios</strong></span> 
     </span>
     <span class='ocr_line' id='line_1_45' title="bbox 185 4137 1318 4231; baseline 0.015 -31"><span class='ocrx_word' id='word_1_375' title='bbox 185 4137 289 4214; x_wconf 87' lang='lat' dir='ltr'><strong>reiert,</strong></span> <span class='ocrx_word' id='word_1_376' title='bbox 311 4137 364 4200; x_wconf 85' lang='lat' dir='ltr'><strong>sed</strong></span> <span class='ocrx_word' id='word_1_377' title='bbox 386 4140 501 4202; x_wconf 70' lang='lat' dir='ltr'><strong>nec&#39;de</strong></span> <span class='ocrx_word' id='word_1_378' title='bbox 525 4160 634 4208; x_wconf 85' lang='lat' dir='ltr'><strong>causae</strong></span> <span class='ocrx_word' id='word_1_379' title='bbox 656 4147 825 4226; x_wconf 81' lang='lat' dir='ltr'><strong>cognitione</strong></span> <span class='ocrx_word' id='word_1_380' title='bbox 848 4149 959 4228; x_wconf 84' lang='lat' dir='ltr'><strong>egitur,</strong></span> <span class='ocrx_word' id='word_1_381' title='bbox 988 4167 1086 4228; x_wconf 87' lang='lat' dir='ltr'><strong>neque</strong></span> <span class='ocrx_word' id='word_1_382' title='bbox 1109 4151 1204 4231; x_wconf 86' lang='lat' dir='ltr'><strong>ipsum</strong></span> <span class='ocrx_word' id='word_1_383' title='bbox 1228 4153 1318 4231; x_wconf 46' lang='lat' dir='ltr'><strong>,edis</strong></span> 
     </span>
     <span class='ocr_line' id='line_1_46' title="bbox 185 4221 1319 4319; baseline 0.016 -35"><span class='ocrx_word' id='word_1_384' title='bbox 185 4221 293 4315; x_wconf 81' lang='lat' dir='ltr'><strong>tionis“</strong></span> <span class='ocrx_word' id='word_1_385' title='bbox 317 4225 439 4288; x_wconf 89' lang='lat' dir='ltr'><strong>verbum</strong></span> <span class='ocrx_word' id='word_1_386' title='bbox 462 4229 651 4301; x_wconf 40' lang='lat' dir='ltr'><strong>continetur..</strong></span> <span class='ocrx_word' id='word_1_387' title='bbox 682 4233 819 4294; x_wconf 83' lang='lat' dir='ltr'><strong>Postutut</strong></span> <span class='ocrx_word' id='word_1_388' title='bbox 840 4235 915 4295; x_wconf 89' lang='lat' dir='ltr'><strong>enim</strong></span> <span class='ocrx_word' id='word_1_389' title='bbox 938 4234 1096 4297; x_wconf 85' lang='lat' dir='ltr'><strong>editionem</strong></span> <span class='ocrx_word' id='word_1_390' title='bbox 1114 4237 1159 4318; x_wconf 81' lang='lat' dir='ltr'><strong>is,</strong></span> <span class='ocrx_word' id='word_1_391' title='bbox 1190 4239 1238 4316; x_wconf 90' lang='lat' dir='ltr'><strong>qui</strong></span> <span class='ocrx_word' id='word_1_392' title='bbox 1260 4255 1319 4319; x_wconf 87' lang='lat' dir='ltr'><strong>per</strong></span> 
     </span>
     <span class='ocr_line' id='line_1_47' title="bbox 184 4309 1317 4400; baseline 0.017 -29"><span class='ocrx_word' id='word_1_393' title='bbox 184 4309 381 4391; x_wconf 75' lang='lat' dir='ltr'><strong>argentariam</strong></span> <span class='ocrx_word' id='word_1_394' title='bbox 404 4316 549 4386; x_wconf 75' lang='lat' dir='ltr'><strong>contraxit</strong></span> <span class='ocrx_word' id='word_1_395' title='bbox 572 4316 609 4397; x_wconf 81' lang='lat' dir='ltr'><strong>U·</strong></span> <span class='ocrx_word' id='word_1_396' title='bbox 633 4317 663 4398; x_wconf 90' lang='lat'><strong>6,</strong></span> <span class='ocrx_word' id='word_1_397' title='bbox 679 4318 706 4381; x_wconf 73' lang='lat'><strong>-2</strong></span> <span class='ocrx_word' id='word_1_398' title='bbox 729 4314 833 4400; x_wconf 85' lang='lat' dir='ltr'><strong>eod];</strong></span> <span class='ocrx_word' id='word_1_399' title='bbox 852 4317 985 4400; x_wconf 73' lang='lat' dir='ltr'><strong>portulae</strong></span> <span class='ocrx_word' id='word_1_400' title='bbox 1004 4319 1162 4396; x_wconf 80' lang='lat' dir='ltr'><strong>editionem</strong></span> <span class='ocrx_word' id='word_1_401' title='bbox 1184 4341 1317 4396; x_wconf 82' lang='lat' dir='ltr'><strong>ascusa-</strong></span> 
     </span>
    </p>
   </div>
   <div class='ocr_carea' id='block_1_3' title="bbox 0 0 1446 5008">
    <p class='ocr_par' dir='ltr' id='par_1_9' title="bbox 0 0 1446 5008">
     <span class='ocr_line' id='line_1_48' title="bbox 0 0 1446 5008; baseline 0 0"><span class='ocrx_word' id='word_1_402' title='bbox 0 0 1446 5008; x_wconf 95' lang='lat' dir='ltr'><strong> </strong></span> 
     </span>
    </p>
   </div>
  </div>
 </body>
</html>
