2866 5008
526 299 852 376 .'—-·56-

224 506 226 512 .
341 529 384 592 5,
406 519 452 580 22.
495 517 538 575 De
558 479 737 590 stipulatione
757 513 788 584 in
810 475 979 584 scriptoram
999 479 1126 580 redorta,
1222 503 1241 578 ¹.
1281 471 1300 522 '.

184 692 191 700 ·
261 657 282 720 l.
315 655 430 718 Seneeo
451 651 489 713 de
509 650 576 712 ben.
598 648 662 727 ΙΙΙ,
683 647 718 708 lo
741 645 781 708 de
801 643 951 726 emptione
973 641 1141 705 venditione
1157 641 1242 724 sagit,
1272 639 1311 704 de
1379 700 1381 704 .

176 749 330 808 eontraotu
352 739 402 821 qui
425 753 572 804 oernensu
593 734 632 796 fit.
678 732 767 796 Cuius
791 733 835 792 rei
859 748 917 810 quo
940 730 1035 811 meJor
1056 727 1130 790 sudes
1152 729 1207 808 sit,
1232 745 1310 807 pre-

175 832 248 894 tinm
269 823 537 906 stipulatione
560 820 754 895 constituitur,
776 825 866 898 atque
889 814 1019 879 eiusdem
1041 815 1197 877 retoansa
1216 820 1313 894 poete

176 920 383 992 conventoque
404 908 558 987 impressio
576 907 674 987 signis
696 904 912 966 custodiuntur.
949 901 1034 974 Quae
1049 917 1100 964 res
1115 901 1224 962 mutos·
1237 914 1310 981 per-

175 1001 283 1076 movit,
313 1003 345 1060 ut
366 996 461 1057 literis
482 995 539 1056 hoe
561 992 630 1055 leco
660 990 792 1055 contrahi
822 993 968 1070 putarent.
1013 984 1072 1052 Sed
1094 983 1310 1066 ipse‘Seneeae

175 1085 270 1148 rerba
291 1082 469 1146 eontrarium
492 1079 626 1159 probant,
649 1076 738 1141 vduti
756 1093 902 1158 ,enuere
915 1078 999 1154 paolo
1014 1068 1268 1152 conventuqueii.
1282 1089 1308 1134 e.

177 1189 253 1254 quae
276 1170 333 1251 jam
355 1171 443 1230 erant
462 1160 564 1245 paolo)
588 1163 681 1246 signis
710 1164 806 1242 potius
830 1178 915 1241 quam
942 1157 1041 1233 lido“;
1068 1169 1202 1238 ,eogere
1222 1156 1318 1220 iidem

176 1253 360 1338 seriptura“;
385 1252 489 1332 „signa
511 1250 722 1329 imprimuntur,
744 1265 782 1308 ne
803 1246 854 1308 ille
875 1251 962 1325 neget
983 1245 1136 1324 accepisse
1149 1261 1206 1321 se,
1230 1242 1310 1324 quod

177 1340 330 1423 aceepit“;
353 1337 553 1420 imprimentes
576 1333 682 1395 deinde
705 1339 815 1408 testes,
845 1329 976 1393 vindices
998 1330 1135 1392 veritalis
1156 1327 1310 1410 appellan-

174 1437 231 1491 tur.
277 1423 459 1486 Adhibentur
480 1422 586 1502 igitur,
615 1437 653 1480 ne
676 1417 749 1480 fides
779 1417 910 1495 fallatur,
940 1417 957 1478 i.
981 1435 1007 1478 e.
1035 1417 1105 1495 quio
1128 1414 1312 1496 perfidia-ti-

175 1520 280 1577 netur.
325 1509 426 1588 ltaque
449 1513 506 1569 tam
529 1511 622 1568 testes
645 1523 731 1584 quam
754 1504 899 1584 scriptura
929 1501 1023 1564 solum
1042 1501 1199 1580 probandi
1217 1519 1312 1564 eausa

175 1600 418 1678 interponuntur,
447 1592 484 1655 ad
508 1591 717 1653 eustodiendo.
732 1597 816 1669 poeta
839 1594 1053 1668 conuentaque.
1098 1588 1129 1648 ln
1160 1588 1311 1649 literarum

176 1685 254 1747 eninr
272 1681 457 1762 obligatione
479 1679 611 1742 creditor
639 1694 747 1739 nomen
779 1675 865 1754 iacit,
896 1674 972 1754 apud
1003 1673 1146 1738 Senecam
1176 1671 1312 1748 debilem·

176 1769 306 1834 creditor
329 1775 474 1844 tamquam
497 1763 649 1843 stipulator
678 1764 842 1842 interroga-t
864 1769 895 1822 et
915 1762 1022 1841 pignus
1050 1761 1163 1840 ancipit.
1208 1758 1311 1839 ltaque

175 1856 321 1934 scriptura
343 1852 400 1913 boo
422 1850 489 1930 loon
518 1867 577 1910 non
607 1853 756 1923 novetur,
788 1862 966 1925 quumnon
990 1847 1032 1912 sit
1062 1846 1125 1907 talis
1155 1845 1310 1926 scriptura,

177 1939 271 2020 qrralls
294 1941 475 2010 oontrootum
498 1932 643 2014 perlicere
664 1933 793 2011 ideoque
817 1933 902 1994 etiarn
925 1949 1037 1993 novare
1061 1931 1162 2012 possit.

262 2021 348 2103 Apud
370 2020 512 2082 Senecam
536 2019 651 2080 debitor
676 2018 818 2098 ,plurium
840 2019 956 2080 uomina
972 2017 1092 2078 faeere“
1118 2017 1243 2094 dieitur„
1260 2017 1311 2078 in-

175 2109 327 2188 terpositis
349 2103 502 2188 parariis.“
548 2105 611 2166 lam
635 2104 704 2184 quid
727 2103 771 2166 sid
797 2103 1229 2184 ,pluriurn“,oonrr0v.ersum
1252 2109 1310 2171 est.

174 2193 318 2274 Equidem
341 2193 421 2273 ipsos
450 2192 585 2274 pararios
612 2197 693 2270 puto.
737 2190 810 2252 Num
840 2191 973 2270 pararios
1002 2191 1124 2270 nogotio
1144 2190 1311 2268 ,interce-

176 2278 268 2342 dere“
291 2279 360 2343 Sen.
381 2297 428 2358 ep.
453 2278 515 2340 120
538 2285 670 2352 anostm3
693 2294 785 2356 quare
800 2277 886 2339 etiam
900 2277 1019 2340 illorum
1042 2275 1157 2338 nomino
1179 2275 1311 2354 seriptu-

174 2383 227 2429 rue
248 2365 463 2428 inferebantur:
488 2364 573 2426 siorrli
595 2364 624 2425 in
647 2364 796 2426 literarum
822 2363 1001 2444 obligatione
1031 2361 1153 2424 aliorum
1176 2361 1317 2422 interce-'

177 2451 308 2513 dentium
332 2449 390 2532 (cl.
413 2449 471 2512 Cio.
495 2449 531 2512 ad
554 2448 612 2511 nrt.
635 2449 682 2525 lV,
707 2447 756 2524 18,
779 2444 828 2526 2).
846 2469 852 2484 =
873 2447 930 2526 lpsi
961 2448 1038 2508 onim
1066 2447 1204 2508 videntur
1233 2463 1312 2508 con-

176 2536 303 2597 trahere.
355 2531 470 2612 Pturerl
498 2535 587 2613 igilur
616 2532 806 2607 adhibentur,
843 2534 910 2610 quia
939 2551 1018 2594 enne
1039 2529 1132 2598 ‚facile
1154 2534 1313 2612 ¹eorruurpi

175 2625 274 2702 potest
296 2635 394 2696 neque
416 2618 466 2679 uni
488 2618 543 2678 soli
565 2615 639 2676 fides
659 2615 791 2676 babetur.
893 2645 904 2666 -v
1011 2673 1012 2677 ,

263 2703 353 2768 Simili
374 2701 462 2770 modo
483 2701 589 2762 eadem
612 2697 754 2778 probandi
777 2699 888 2780 negotii
910 2701 1005 2762 med-iu
1029 2702 1138 2781 colligit
1159 2703 1236 2764 idem
1291 2745 1292 2750 η

262 2788 295 2850 ll.
328 2788 444 2849 Seneca
466 2786 503 2846 de
524 2786 589 2846 ben.
612 2785 658 2860 ΙΙ,
682 2783 739 2844 23.-
771 2785 914 2864 ,Quidam
945 2787 1184 2850 nolunt-nomina
1206 2800 1314 2852 seeum

175 2873 250 2949 beri,
273 2890 330 2943 neo
352 2873 499 2952 interponi
522 2872 665 2952 pararios,
688 2888 745 2932 noe
768 2873 937 2952 signatores
957 2871 1105 2946 advocari,
1127 2890 1184 2934 neo
1206 2871 1313 2936 ehiro-

176 2956 294 3042 graium
316 2956 406 3020 dare:
428 2957 504 3019 idem
527 2957 662 3034 iaciunt,
684 2958 734 3038 qui
758 2957 826 3020 dant
845 2975 988 3038 operam,
1017 2961 1049 3020 ul
1076 2958 1249 3024 beneficium
1279 2960 1312 3024 io

174 3047 257 3126 ipsos
278 3043 420 3106 collatum
438 3061 525 3123 quam
547 3044 762 3125 ignotissimum
784 3045 831 3106 sit.
877 3045 1024 3106 Verentur
1044 3044 1137 3124 palam
1159 3044 1255 3122 lerro,
1278 3052 1313 3108 ut

174 3147 229 3196 sua
250 3131 349 3211 polius
371 3131 488 3208 virtute,
510 3147 597 3210 quarn
620 3130 717 3194 alieno
740 3129 884 3212 adjutorio
907 3133 1057 3194 oonseouti
1080 3128 1242 3192 dieantur.“

261 3215 361 3296 Lipsio
384 3234 438 3296 pro
464 3215 602 3295 ,nolunt“
630 3216 775 3296 „voluut“⁴
802 3218 977 3296 proponenti
1007 3217 1123 3276 minime
1152 3216 1309 3280 assentior.

178 3300 324 3381 ,Nomina
352 3300 470 3362 lacere“
503 3302 560 3365 boo
591 3319 710 3380 quoque
746 3301 813 3374 loeo
851 3301 1008 3379 improprie
1044 3299 1158 3362 debitor
1190 3301 1309 3364 dieitur.

173 3385 308 3464 Utroque
330 3387 406 3448 enim
429 3387 495 3449 loco
517 3386 709 3466 stipulatione
731 3385 849 3446 naratio
873 3384 913 3461 lit,
936 3383 989 3446 sed
1012 3384 1226 3464 incontinenti,
1250 3406 1309 3449 uno

174 3469 341 3548 eodemque
364 3479 431 3533 antu
453 3471 587 3534 sollemni
609 3478 639 3531 et
660 3469 795 3548 publieo,
817 3469 965 3550 stipulatio
988 3471 1153 3551 scripturae
1176 3471 1307 3536 traditur.

174 3553 291 3616 Mintur
312 3555 401 3634 igitur
424 3558 581 3620 verborum
605 3563 634 3616 et
655 3556 804 3616 literarum
834 3559 1003 3637 eonlreotus
1033 3555 1148 3636 quidam
1177 3557 1309 3622 formalis

173 3639 224 3702 illo
248 3645 379 3720 ternpore
402 3640 430 3700 in
454 3657 510 3703 usu
533 3640 684 3709 videretur
710 3640 821 3718 fuisse,
851 3660 939 3721 quum
962 3660 1018 3704 neo
1048 3643 1103 3706 soli
1129 3643 1309 3722 promittenti

175 3741 242 3788 neo,
256 3724 379 3786 testibus
401 3726 473 3791 satis
492 3725 569 3807 pidei
586 3725 759 3788 haberetur:
790 3726 847 3789 nisi
869 3727 1108 3808 distinguendum
1128 3736 1209 3792 esset
1231 3731 1309 3790 inter

168 3813 223 3890 jur
245 3817 276 3871 et
296 3810 392 3890 pidem.
436 3810 480 3870 lle
500 3811 569 3892 Jure
593 3811 669 3872 enirn
695 3811 765 3875 sola
790 3812 937 3894 stipulatio
960 3815 1036 3890 idem
1060 3813 1165 3876 eflicit:
1192 3813 1308 3894 relique

170 3895 327 3976 probandi
355 3913 445 3958 eausa
471 3895 596 3978 adjecto·
615 3902 691 3958 suut.
735 3897 785 3960 llla
814 3903 921 3960 tamen
940 3899 1098 3964 lonnorum
1128 3900 1307 3970 continentia

173 3981 500 4127 ipsum-Tgeopbilum,
529 3988 561 4044 ut
583 3983 734 4063 proprium
762 3982 839 4046 inde·
853 3985 1002 4048 literarum
1026 3991 1207 4048 contractum
1230 3985 1306 4047 deli-

173 4067 259 4144 niret,
278 4083 315 4129 se
338 4067 409 4130 uxit.
469 4062 471 4074 ’
