<?xml version="1.0" encoding="UTF-8"?>
<!DOCTYPE html PUBLIC "-//W3C//DTD XHTML 1.0 Transitional//EN"
    "http://www.w3.org/TR/xhtml1/DTD/xhtml1-transitional.dtd">
<html xmlns="http://www.w3.org/1999/xhtml" xml:lang="en" lang="en">
 <head>
  <title>
</title>
<meta http-equiv="Content-Type" content="text/html;charset=utf-8" />
  <meta name='ocr-system' content='tesseract 3.04.00' />
  <meta name='ocr-capabilities' content='ocr_page ocr_carea ocr_par ocr_line ocrx_word'/>
</head>
<body>
  <div class='ocr_page' id='page_1' title='image "./deliterarumobli00pagegoog_0040.png"; bbox 0 0 2866 5008; ppageno 0'>
   <div class='ocr_carea' id='block_1_1' title="bbox 570 1109 790 1212">
    <p class='ocr_par' dir='ltr' id='par_1_1' title="bbox 570 1109 790 1212">
     <span class='ocr_line' id='line_1_1' title="bbox 570 1109 790 1212; baseline -0.027 -15"><span class='ocrx_word' id='word_1_1' title='bbox 570 1109 698 1212; x_wconf 83' lang='grc' dir='ltr'><strong>ΟΑΡ.</strong></span> <span class='ocrx_word' id='word_1_2' title='bbox 727 1112 790 1194; x_wconf 87' lang='lat' dir='ltr'>tv.</span> 
     </span>
    </p>
   </div>
   <div class='ocr_carea' id='block_1_2' title="bbox 112 1277 1247 1503">
    <p class='ocr_par' dir='ltr' id='par_1_2' title="bbox 112 1277 1247 1503">
     <span class='ocr_line' id='line_1_2' title="bbox 112 1277 1247 1394; baseline -0.009 -14"><span class='ocrx_word' id='word_1_3' title='bbox 112 1301 313 1390; x_wconf 77' lang='lat' dir='ltr'>Quaedam</span> <span class='ocrx_word' id='word_1_4' title='bbox 340 1300 385 1374; x_wconf 91' lang='lat' dir='ltr'>de</span> <span class='ocrx_word' id='word_1_5' title='bbox 411 1302 620 1376; x_wconf 81' lang='lat' dir='ltr'>mensariis</span> <span class='ocrx_word' id='word_1_6' title='bbox 647 1310 685 1372; x_wconf 90' lang='lat' dir='ltr'>et</span> <span class='ocrx_word' id='word_1_7' title='bbox 709 1277 977 1394; x_wconf 75' lang='lat' dir='ltr'>argentariis,</span> <span class='ocrx_word' id='word_1_8' title='bbox 1004 1299 1247 1377; x_wconf 82' lang='lat' dir='ltr'>adcodices</span> 
     </span>
     <span class='ocr_line' id='line_1_3' title="bbox 143 1407 1045 1503; baseline 0 -25"><span class='ocrx_word' id='word_1_9' title='bbox 143 1441 148 1446; x_wconf 34' lang='grc' dir='ltr'><em>ν</em></span> <span class='ocrx_word' id='word_1_10' title='bbox 430 1415 468 1478; x_wconf 90' lang='lat' dir='ltr'>et</span> <span class='ocrx_word' id='word_1_11' title='bbox 493 1408 672 1479; x_wconf 88' lang='lat' dir='ltr'>rationes</span> <span class='ocrx_word' id='word_1_12' title='bbox 699 1407 937 1503; x_wconf 73' lang='lat' dir='ltr'>spectantia.</span> <span class='ocrx_word' id='word_1_13' title='bbox 1042 1473 1045 1478; x_wconf 90' lang='lat'>.</span> 
     </span>
    </p>
   </div>
   <div class='ocr_carea' id='block_1_3' title="bbox 607 1575 758 1586">
    <p class='ocr_par' dir='ltr' id='par_1_3' title="bbox 607 1575 758 1586">
     <span class='ocr_line' id='line_1_4' title="bbox 607 1575 758 1586; baseline -0.007 -1"><span class='ocrx_word' id='word_1_14' title='bbox 607 1575 758 1586; x_wconf 44' lang='lat' dir='ltr'>nun—w·-</span> 
     </span>
    </p>
   </div>
   <div class='ocr_carea' id='block_1_4' title="bbox 435 1683 932 1759">
    <p class='ocr_par' dir='ltr' id='par_1_4' title="bbox 435 1683 932 1759">
     <span class='ocr_line' id='line_1_5' title="bbox 435 1683 932 1759; baseline -0.006 -18"><span class='ocrx_word' id='word_1_15' title='bbox 435 1684 527 1751; x_wconf 69' lang='lat' dir='ltr'>d.·12.</span> <span class='ocrx_word' id='word_1_16' title='bbox 571 1683 615 1741; x_wconf 85' lang='lat' dir='ltr'>De</span> <span class='ocrx_word' id='word_1_17' title='bbox 634 1683 752 1759; x_wconf 79' lang='lat' dir='ltr'>publicis</span> <span class='ocrx_word' id='word_1_18' title='bbox 773 1683 932 1741; x_wconf 82' lang='lat' dir='ltr'>mensariis.</span> 
     </span>
    </p>
   </div>
   <div class='ocr_carea' id='block_1_5' title="bbox 107 1835 1286 3559">
    <p class='ocr_par' dir='ltr' id='par_1_5' title="bbox 110 1835 1286 2438">
     <span class='ocr_line' id='line_1_6' title="bbox 199 1835 1251 1920; baseline 0 -20"><span class='ocrx_word' id='word_1_19' title='bbox 199 1838 346 1902; x_wconf 77' lang='lat' dir='ltr'>Mauorti</span> <span class='ocrx_word' id='word_1_20' title='bbox 364 1837 479 1918; x_wconf 81' lang='lat' dir='ltr'>publici</span> <span class='ocrx_word' id='word_1_21' title='bbox 493 1839 605 1902; x_wconf 83' lang='lat' dir='ltr'>Romae</span> <span class='ocrx_word' id='word_1_22' title='bbox 620 1857 744 1920; x_wconf 88' lang='lat' dir='ltr'>perraro</span> <span class='ocrx_word' id='word_1_23' title='bbox 759 1838 950 1914; x_wconf 59' lang='lat' dir='ltr'>ardubarium</span> <span class='ocrx_word' id='word_1_24' title='bbox 971 1835 1051 1919; x_wconf 82' lang='lat' dir='ltr'>apud</span> <span class='ocrx_word' id='word_1_25' title='bbox 1072 1835 1251 1920; x_wconf 79' lang='lat' dir='ltr'>peregrinos</span> 
     </span>
     <span class='ocr_line' id='line_1_7' title="bbox 113 1923 1250 2007; baseline -0.002 -21"><span class='ocrx_word' id='word_1_26' title='bbox 113 1943 197 2003; x_wconf 84' lang='lat' dir='ltr'>rere,</span> <span class='ocrx_word' id='word_1_27' title='bbox 219 1927 247 1988; x_wconf 91' lang='lat' dir='ltr'>in</span> <span class='ocrx_word' id='word_1_28' title='bbox 271 1926 392 1988; x_wconf 83' lang='lat' dir='ltr'>Graecia</span> <span class='ocrx_word' id='word_1_29' title='bbox 415 1933 446 1987; x_wconf 89' lang='lat' dir='ltr'>et</span> <span class='ocrx_word' id='word_1_30' title='bbox 468 1924 547 2003; x_wconf 85' lang='lat' dir='ltr'>Asia,</span> <span class='ocrx_word' id='word_1_31' title='bbox 571 1927 731 1990; x_wconf 90' lang='lat' dir='ltr'>continuus</span> <span class='ocrx_word' id='word_1_32' title='bbox 753 1927 942 2007; x_wconf 67' lang='lat' dir='ltr'>magistratus</span> <span class='ocrx_word' id='word_1_33' title='bbox 961 1925 991 1987; x_wconf 88' lang='lat' dir='ltr'>in</span> <span class='ocrx_word' id='word_1_34' title='bbox 1004 1923 1153 1989; x_wconf 89' lang='lat' dir='ltr'>nonnuliis</span> <span class='ocrx_word' id='word_1_35' title='bbox 1168 1929 1250 1986; x_wconf 89' lang='lat' dir='ltr'>certe</span> 
     </span>
     <span class='ocr_line' id='line_1_8' title="bbox 114 2009 1250 2090; baseline 0 -18"><span class='ocrx_word' id='word_1_36' title='bbox 114 2012 280 2074; x_wconf 86' lang='lat' dir='ltr'>civitatibus</span> <span class='ocrx_word' id='word_1_37' title='bbox 303 2020 404 2090; x_wconf 88' lang='lat' dir='ltr'>erant,</span> <span class='ocrx_word' id='word_1_38' title='bbox 433 2013 605 2078; x_wconf 84' lang='lat' dir='ltr'>simeonius</span> <span class='ocrx_word' id='word_1_39' title='bbox 635 2030 782 2080; x_wconf 86' lang='lat' dir='ltr'>consensu</span> <span class='ocrx_word' id='word_1_40' title='bbox 805 2029 940 2076; x_wconf 79' lang='lat' dir='ltr'>namatus</span> <span class='ocrx_word' id='word_1_41' title='bbox 961 2010 1059 2074; x_wconf 87' lang='lat' dir='ltr'>nulius</span> <span class='ocrx_word' id='word_1_42' title='bbox 1083 2011 1111 2072; x_wconf 93' lang='lat' dir='ltr'>in</span> <span class='ocrx_word' id='word_1_43' title='bbox 1134 2009 1250 2076; x_wconf 70' lang='lat' dir='ltr'>cindato</span> 
     </span>
     <span class='ocr_line' id='line_1_9' title="bbox 112 2095 1249 2179; baseline -0.003 -19"><span class='ocrx_word' id='word_1_44' title='bbox 112 2105 229 2178; x_wconf 75' lang='lat' dir='ltr'>poterat</span> <span class='ocrx_word' id='word_1_45' title='bbox 252 2100 373 2162; x_wconf 80' lang='lat' dir='ltr'>moveri.</span> <span class='ocrx_word' id='word_1_46' title='bbox 406 2097 537 2160; x_wconf 80' lang='lat' dir='ltr'>Aerarii</span> <span class='ocrx_word' id='word_1_47' title='bbox 556 2106 613 2162; x_wconf 87' lang='lat' dir='ltr'>tam</span> <span class='ocrx_word' id='word_1_48' title='bbox 634 2099 711 2179; x_wconf 79' lang='lat' dir='ltr'>apud</span> <span class='ocrx_word' id='word_1_49' title='bbox 733 2099 882 2162; x_wconf 86' lang='lat' dir='ltr'>Romanos</span> <span class='ocrx_word' id='word_1_50' title='bbox 905 2116 991 2179; x_wconf 87' lang='lat' dir='ltr'>quam</span> <span class='ocrx_word' id='word_1_51' title='bbox 1014 2095 1090 2178; x_wconf 86' lang='lat' dir='ltr'>apud</span> <span class='ocrx_word' id='word_1_52' title='bbox 1109 2097 1249 2177; x_wconf 84' lang='lat' dir='ltr'>peregri-</span> 
     </span>
     <span class='ocr_line' id='line_1_10' title="bbox 112 2180 1251 2266; baseline 0.002 -22"><span class='ocrx_word' id='word_1_53' title='bbox 112 2200 167 2246; x_wconf 88' lang='lat' dir='ltr'>nos</span> <span class='ocrx_word' id='word_1_54' title='bbox 186 2199 289 2248; x_wconf 83' lang='lat' dir='ltr'>eorum</span> <span class='ocrx_word' id='word_1_55' title='bbox 312 2203 414 2248; x_wconf 82' lang='lat' dir='ltr'>urensa</span> <span class='ocrx_word' id='word_1_56' title='bbox 429 2192 504 2261; x_wconf 85' lang='lat' dir='ltr'>erat,</span> <span class='ocrx_word' id='word_1_57' title='bbox 524 2203 583 2248; x_wconf 84' lang='lat' dir='ltr'>nor</span> <span class='ocrx_word' id='word_1_58' title='bbox 595 2187 734 2264; x_wconf 81' lang='lat' dir='ltr'>proprio.</span> <span class='ocrx_word' id='word_1_59' title='bbox 768 2185 906 2266; x_wconf 80' lang='lat' dir='ltr'>Sigonius</span> <span class='ocrx_word' id='word_1_60' title='bbox 924 2183 1049 2264; x_wconf 74' lang='lat' dir='ltr'>qnidam</span> <span class='ocrx_word' id='word_1_61' title='bbox 1068 2183 1147 2258; x_wconf 87' lang='lat' dir='ltr'>inde,</span> <span class='ocrx_word' id='word_1_62' title='bbox 1170 2180 1251 2260; x_wconf 90' lang='lat' dir='ltr'>quod</span> 
     </span>
     <span class='ocr_line' id='line_1_11' title="bbox 112 2267 1286 2352; baseline -0.003 -22"><span class='ocrx_word' id='word_1_63' title='bbox 112 2269 188 2351; x_wconf 89' lang='lat' dir='ltr'>apud</span> <span class='ocrx_word' id='word_1_64' title='bbox 204 2273 414 2352; x_wconf 82' lang='lat' dir='ltr'>peregrinosa</span> <span class='ocrx_word' id='word_1_65' title='bbox 427 2271 541 2349; x_wconf 69' lang='lat' dir='ltr'>poento</span> <span class='ocrx_word' id='word_1_66' title='bbox 557 2289 610 2332; x_wconf 88' lang='lat' dir='ltr'>eos</span> <span class='ocrx_word' id='word_1_67' title='bbox 626 2273 722 2332; x_wconf 88' lang='lat' dir='ltr'>creari</span> <span class='ocrx_word' id='word_1_68' title='bbox 738 2269 841 2334; x_wconf 76' lang='lat' dir='ltr'>Cicero</span> <span class='ocrx_word' id='word_1_69' title='bbox 857 2270 992 2333; x_wconf 88' lang='lat' dir='ltr'>distinete</span> <span class='ocrx_word' id='word_1_70' title='bbox 1007 2273 1115 2346; x_wconf 86' lang='lat' dir='ltr'>narret,</span> <span class='ocrx_word' id='word_1_71' title='bbox 1132 2267 1250 2338; x_wconf 79' lang='lat' dir='ltr'>Romae</span> <span class='ocrx_word' id='word_1_72' title='bbox 1275 2305 1286 2321; x_wconf 85' lang='lat'>·</span> 
     </span>
     <span class='ocr_line' id='line_1_12' title="bbox 110 2352 1251 2438; baseline -0.001 -22"><span class='ocrx_word' id='word_1_73' title='bbox 110 2357 188 2416; x_wconf 86' lang='lat' dir='ltr'>idern</span> <span class='ocrx_word' id='word_1_74' title='bbox 211 2375 269 2418; x_wconf 91' lang='lat' dir='ltr'>non</span> <span class='ocrx_word' id='word_1_75' title='bbox 293 2355 385 2423; x_wconf 86' lang='lat' dir='ltr'>inisse</span> <span class='ocrx_word' id='word_1_76' title='bbox 408 2357 596 2418; x_wconf 86' lang='lat' dir='ltr'>observatum</span> <span class='ocrx_word' id='word_1_77' title='bbox 619 2357 746 2438; x_wconf 84' lang='lat' dir='ltr'>conjicit.</span> <span class='ocrx_word' id='word_1_78' title='bbox 784 2357 908 2418; x_wconf 84' lang='lat' dir='ltr'>Obstant</span> <span class='ocrx_word' id='word_1_79' title='bbox 929 2363 1026 2418; x_wconf 79' lang='lat' dir='ltr'>iernen</span> <span class='ocrx_word' id='word_1_80' title='bbox 1048 2355 1106 2416; x_wconf 87' lang='lat' dir='ltr'>ioci</span> <span class='ocrx_word' id='word_1_81' title='bbox 1124 2352 1251 2419; x_wconf 73' lang='lat' dir='ltr'>Liviani:</span> 
     </span>
    </p>

    <p class='ocr_par' dir='ltr' id='par_1_6' title="bbox 110 2437 1251 2696">
     <span class='ocr_line' id='line_1_13' title="bbox 195 2437 1250 2523; baseline 0.002 -19"><span class='ocrx_word' id='word_1_82' title='bbox 195 2439 215 2504; x_wconf 84' lang='grc'>1.</span> <span class='ocrx_word' id='word_1_83' title='bbox 250 2441 348 2504; x_wconf 87' lang='lat' dir='ltr'>Livius</span> <span class='ocrx_word' id='word_1_84' title='bbox 371 2441 471 2520; x_wconf 81' lang='lat' dir='ltr'>XXtH,</span> <span class='ocrx_word' id='word_1_85' title='bbox 494 2442 554 2520; x_wconf 81' lang='grc'>21,</span> <span class='ocrx_word' id='word_1_86' title='bbox 584 2438 671 2523; x_wconf 81' lang='lat' dir='ltr'>(post</span> <span class='ocrx_word' id='word_1_87' title='bbox 694 2440 806 2504; x_wconf 79' lang='lat' dir='ltr'>eisdem</span> <span class='ocrx_word' id='word_1_88' title='bbox 830 2437 1033 2523; x_wconf 76' lang='lat' dir='ltr'>Cannensem)</span> <span class='ocrx_word' id='word_1_89' title='bbox 1057 2437 1250 2521; x_wconf 66' lang='lat' dir='ltr'>„regnaount</span> 
     </span>
     <span class='ocr_line' id='line_1_14' title="bbox 110 2525 1251 2610; baseline -0.003 -22"><span class='ocrx_word' id='word_1_90' title='bbox 110 2527 203 2606; x_wconf 85' lang='lat' dir='ltr'>inquit</span> <span class='ocrx_word' id='word_1_91' title='bbox 225 2528 472 2606; x_wconf 45' lang='lat' dir='ltr'>eraaiptedie</span> <span class='ocrx_word' id='word_1_92' title='bbox 494 2529 532 2592; x_wconf 87' lang='lat' dir='ltr'>iiii</span> <span class='ocrx_word' id='word_1_93' title='bbox 555 2529 723 2598; x_wconf 70' lang='lat' dir='ltr'>creantur,“</span> <span class='ocrx_word' id='word_1_94' title='bbox 760 2528 885 2610; x_wconf 76' lang='lat' dir='ltr'>Regalis</span> <span class='ocrx_word' id='word_1_95' title='bbox 907 2535 1002 2592; x_wconf 89' lang='lat' dir='ltr'>autem</span> <span class='ocrx_word' id='word_1_96' title='bbox 1025 2527 1123 2609; x_wconf 86' lang='lat' dir='ltr'>legem</span> <span class='ocrx_word' id='word_1_97' title='bbox 1146 2525 1251 2593; x_wconf 59' lang='lat' dir='ltr'>tera..</span> 
     </span>
     <span class='ocr_line' id='line_1_15' title="bbox 112 2612 1245 2696; baseline 0 -22"><span class='ocrx_word' id='word_1_98' title='bbox 112 2612 178 2674; x_wconf 90' lang='lat' dir='ltr'>dam</span> <span class='ocrx_word' id='word_1_99' title='bbox 197 2621 323 2694; x_wconf 70' lang='lat' dir='ltr'>spectat.</span> <span class='ocrx_word' id='word_1_100' title='bbox 369 2615 497 2678; x_wconf 76' lang='lat' dir='ltr'>Tribulis</span> <span class='ocrx_word' id='word_1_101' title='bbox 520 2616 609 2696; x_wconf 84' lang='lat' dir='ltr'>igitur</span> <span class='ocrx_word' id='word_1_102' title='bbox 632 2615 754 2678; x_wconf 86' lang='lat' dir='ltr'>comitiis</span> <span class='ocrx_word' id='word_1_103' title='bbox 778 2623 838 2678; x_wconf 93' lang='lat' dir='ltr'>tum</span> <span class='ocrx_word' id='word_1_104' title='bbox 863 2614 971 2676; x_wconf 83' lang='lat' dir='ltr'>eiectio</span> <span class='ocrx_word' id='word_1_105' title='bbox 993 2614 1186 2694; x_wconf 78' lang='lat' dir='ltr'>competebat.</span> <span class='ocrx_word' id='word_1_106' title='bbox 1244 2667 1245 2674; x_wconf 74' lang='grc'>,</span> 
     </span>
    </p>

    <p class='ocr_par' dir='ltr' id='par_1_7' title="bbox 109 2699 1250 2868">
     <span class='ocr_line' id='line_1_16' title="bbox 197 2699 1250 2779; baseline 0.002 -17"><span class='ocrx_word' id='word_1_107' title='bbox 197 2699 230 2762; x_wconf 77' lang='lat' dir='ltr'>ii.</span> <span class='ocrx_word' id='word_1_108' title='bbox 260 2700 362 2778; x_wconf 72' lang='lat' dir='ltr'>Livius</span> <span class='ocrx_word' id='word_1_109' title='bbox 383 2701 442 2779; x_wconf 79' lang='lat' dir='ltr'>vii,</span> <span class='ocrx_word' id='word_1_110' title='bbox 463 2702 502 2764; x_wconf 85' lang='lat'>21</span> <span class='ocrx_word' id='word_1_111' title='bbox 526 2703 604 2764; x_wconf 86' lang='lat' dir='ltr'>neris</span> <span class='ocrx_word' id='word_1_112' title='bbox 627 2702 713 2763; x_wconf 82' lang='lat' dir='ltr'>alieni</span> <span class='ocrx_word' id='word_1_113' title='bbox 725 2702 910 2772; x_wconf 84' lang='lat' dir='ltr'>solutionem</span> <span class='ocrx_word' id='word_1_114' title='bbox 930 2702 962 2762; x_wconf 91' lang='lat' dir='ltr'>in</span> <span class='ocrx_word' id='word_1_115' title='bbox 981 2701 1133 2779; x_wconf 71' lang='lat' dir='ltr'>poetieam</span> <span class='ocrx_word' id='word_1_116' title='bbox 1149 2713 1250 2765; x_wconf 83' lang='lat' dir='ltr'>auram</span> 
     </span>
     <span class='ocr_line' id='line_1_17' title="bbox 109 2787 1173 2868; baseline 0.002 -22"><span class='ocrx_word' id='word_1_117' title='bbox 109 2802 179 2848; x_wconf 87' lang='lat' dir='ltr'>esse</span> <span class='ocrx_word' id='word_1_118' title='bbox 201 2802 319 2848; x_wconf 82' lang='lat' dir='ltr'>uersam</span> <span class='ocrx_word' id='word_1_119' title='bbox 342 2787 429 2850; x_wconf 87' lang='lat' dir='ltr'>tradit</span> <span class='ocrx_word' id='word_1_120' title='bbox 451 2794 482 2848; x_wconf 86' lang='lat' dir='ltr'>et</span> <span class='ocrx_word' id='word_1_121' title='bbox 503 2787 541 2850; x_wconf 86' lang='lat' dir='ltr'>ad</span> <span class='ocrx_word' id='word_1_122' title='bbox 563 2807 629 2850; x_wconf 89' lang='lat' dir='ltr'>eum</span> <span class='ocrx_word' id='word_1_123' title='bbox 651 2787 739 2850; x_wconf 88' lang='lat' dir='ltr'>finem</span> <span class='ocrx_word' id='word_1_124' title='bbox 764 2788 974 2868; x_wconf 83' lang='lat' dir='ltr'>quinqueviros</span> <span class='ocrx_word' id='word_1_125' title='bbox 996 2793 1173 2852; x_wconf 85' lang='lat' dir='ltr'>creatos.</span> 
     </span>
    </p>

    <p class='ocr_par' dir='ltr' id='par_1_8' title="bbox 107 2872 1253 3559">
     <span class='ocr_line' id='line_1_18' title="bbox 195 2872 1251 2955; baseline 0.002 -21"><span class='ocrx_word' id='word_1_126' title='bbox 195 2872 395 2952; x_wconf 83' lang='lat' dir='ltr'>Magistratum</span> <span class='ocrx_word' id='word_1_127' title='bbox 419 2875 507 2955; x_wconf 85' lang='lat' dir='ltr'>igitar</span> <span class='ocrx_word' id='word_1_128' title='bbox 530 2873 673 2954; x_wconf 84' lang='lat' dir='ltr'>dignitate</span> <span class='ocrx_word' id='word_1_129' title='bbox 693 2875 803 2937; x_wconf 84' lang='lat' dir='ltr'>Rornae</span> <span class='ocrx_word' id='word_1_130' title='bbox 825 2875 913 2936; x_wconf 82' lang='lat' dir='ltr'>etiam</span> <span class='ocrx_word' id='word_1_131' title='bbox 936 2874 1074 2936; x_wconf 88' lang='lat' dir='ltr'>mensarii</span> <span class='ocrx_word' id='word_1_132' title='bbox 1097 2874 1135 2935; x_wconf 87' lang='lat' dir='ltr'>iiii</span> <span class='ocrx_word' id='word_1_133' title='bbox 1157 2891 1251 2954; x_wconf 81' lang='lat' dir='ltr'>prae-</span> 
     </span>
     <span class='ocr_line' id='line_1_19' title="bbox 109 2955 1252 3038; baseline 0.003 -19"><span class='ocrx_word' id='word_1_134' title='bbox 109 2955 162 3020; x_wconf 86' lang='lat' dir='ltr'>diti</span> <span class='ocrx_word' id='word_1_135' title='bbox 185 2959 321 3022; x_wconf 88' lang='lat' dir='ltr'>videntur</span> <span class='ocrx_word' id='word_1_136' title='bbox 343 2958 446 3021; x_wconf 87' lang='lat' dir='ltr'>inisse.</span> <span class='ocrx_word' id='word_1_137' title='bbox 484 2959 588 3038; x_wconf 86' lang='lat' dir='ltr'>Neque</span> <span class='ocrx_word' id='word_1_138' title='bbox 610 2967 678 3022; x_wconf 87' lang='lat' dir='ltr'>ante</span> <span class='ocrx_word' id='word_1_139' title='bbox 702 2978 807 3024; x_wconf 86' lang='lat' dir='ltr'>anuum</span> <span class='ocrx_word' id='word_1_140' title='bbox 830 2960 863 3022; x_wconf 92' lang='lat' dir='ltr'>U.</span> <span class='ocrx_word' id='word_1_141' title='bbox 890 2959 921 3022; x_wconf 82' lang='lat' dir='ltr'>C.</span> <span class='ocrx_word' id='word_1_142' title='bbox 944 2959 1008 3024; x_wconf 88' lang='grc'>403</span> <span class='ocrx_word' id='word_1_143' title='bbox 1031 2961 1168 3024; x_wconf 83' lang='lat' dir='ltr'>mensarii</span> <span class='ocrx_word' id='word_1_144' title='bbox 1191 2973 1252 3024; x_wconf 81' lang='lat' dir='ltr'>vox</span> 
     </span>
     <span class='ocr_line' id='line_1_20' title="bbox 109 3043 1251 3125; baseline 0.005 -19"><span class='ocrx_word' id='word_1_145' title='bbox 109 3043 221 3108; x_wconf 78' lang='lat' dir='ltr'>Romae</span> <span class='ocrx_word' id='word_1_146' title='bbox 244 3052 313 3106; x_wconf 86' lang='lat' dir='ltr'>nota</span> <span class='ocrx_word' id='word_1_147' title='bbox 337 3052 409 3106; x_wconf 84' lang='lat' dir='ltr'>erat</span> <span class='ocrx_word' id='word_1_148' title='bbox 451 3043 553 3106; x_wconf 90' lang='lat' dir='ltr'>Livius</span> <span class='ocrx_word' id='word_1_149' title='bbox 575 3046 652 3108; x_wconf 87' lang='lat' dir='ltr'>enim</span> <span class='ocrx_word' id='word_1_150' title='bbox 675 3046 692 3107; x_wconf 91' lang='lat' dir='ltr'>l.</span> <span class='ocrx_word' id='word_1_151' title='bbox 716 3046 734 3108; x_wconf 91' lang='lat'>1.</span> <span class='ocrx_word' id='word_1_152' title='bbox 757 3045 937 3109; x_wconf 88' lang='lat' dir='ltr'>haecdicit:</span> <span class='ocrx_word' id='word_1_153' title='bbox 970 3064 1066 3125; x_wconf 80' lang='lat' dir='ltr'>„quos</span> <span class='ocrx_word' id='word_1_154' title='bbox 1088 3047 1251 3112; x_wconf 82' lang='lat' dir='ltr'>mensarios</span> 
     </span>
     <span class='ocr_line' id='line_1_21' title="bbox 109 3129 1251 3210; baseline 0.003 -19"><span class='ocrx_word' id='word_1_155' title='bbox 109 3131 149 3191; x_wconf 87' lang='lat' dir='ltr'>ab</span> <span class='ocrx_word' id='word_1_156' title='bbox 171 3129 390 3208; x_wconf 73' lang='lat' dir='ltr'>dispensatione</span> <span class='ocrx_word' id='word_1_157' title='bbox 405 3129 548 3208; x_wconf 81' lang='lat' dir='ltr'>pecuniae</span> <span class='ocrx_word' id='word_1_158' title='bbox 564 3130 773 3209; x_wconf 84' lang='lat' dir='ltr'>appellarunt.“</span> <span class='ocrx_word' id='word_1_159' title='bbox 809 3131 840 3192; x_wconf 90' lang='lat' dir='ltr'>ln</span> <span class='ocrx_word' id='word_1_160' title='bbox 856 3149 941 3194; x_wconf 81' lang='lat' dir='ltr'>usum</span> <span class='ocrx_word' id='word_1_161' title='bbox 958 3133 1139 3210; x_wconf 84' lang='lat' dir='ltr'>privatorum</span> <span class='ocrx_word' id='word_1_162' title='bbox 1154 3137 1251 3194; x_wconf 87' lang='lat' dir='ltr'>tamen</span> 
     </span>
     <span class='ocr_line' id='line_1_22' title="bbox 107 3213 1249 3298; baseline 0.002 -22"><span class='ocrx_word' id='word_1_163' title='bbox 107 3216 252 3280; x_wconf 68' lang='lat' dir='ltr'>amicitiis</span> <span class='ocrx_word' id='word_1_164' title='bbox 267 3216 360 3293; x_wconf 88' lang='lat' dir='ltr'>urhis,</span> <span class='ocrx_word' id='word_1_165' title='bbox 381 3232 466 3278; x_wconf 90' lang='lat' dir='ltr'>more</span> <span class='ocrx_word' id='word_1_166' title='bbox 481 3217 517 3278; x_wconf 85' lang='lat' dir='ltr'>ab</span> <span class='ocrx_word' id='word_1_167' title='bbox 530 3213 665 3281; x_wconf 79' lang='lat' dir='ltr'>Etruscis</span> <span class='ocrx_word' id='word_1_168' title='bbox 690 3217 792 3296; x_wconf 83' lang='lat' dir='ltr'>petite,</span> <span class='ocrx_word' id='word_1_169' title='bbox 815 3216 947 3278; x_wconf 83' lang='lat' dir='ltr'>tremines</span> <span class='ocrx_word' id='word_1_170' title='bbox 963 3215 1105 3282; x_wconf 68' lang='lat' dir='ltr'>similibus</span> <span class='ocrx_word' id='word_1_171' title='bbox 1122 3216 1249 3298; x_wconf 85' lang='lat' dir='ltr'>negotiis</span> 
     </span>
     <span class='ocr_line' id='line_1_23' title="bbox 112 3300 1252 3384; baseline 0.004 -21"><span class='ocrx_word' id='word_1_172' title='bbox 112 3319 232 3382; x_wconf 86' lang='lat' dir='ltr'>operam</span> <span class='ocrx_word' id='word_1_173' title='bbox 255 3300 389 3379; x_wconf 87' lang='lat' dir='ltr'>dedisse,</span> <span class='ocrx_word' id='word_1_174' title='bbox 408 3301 470 3384; x_wconf 90' lang='lat' dir='ltr'>jam</span> <span class='ocrx_word' id='word_1_175' title='bbox 492 3301 629 3382; x_wconf 85' lang='lat' dir='ltr'>Sigonius</span> <span class='ocrx_word' id='word_1_176' title='bbox 649 3303 982 3384; x_wconf 80' lang='lat' dir='ltr'>Dionysiiaustoritate</span> <span class='ocrx_word' id='word_1_177' title='bbox 1002 3300 1147 3382; x_wconf 80' lang='lat' dir='ltr'>probarit.</span> <span class='ocrx_word' id='word_1_178' title='bbox 1191 3300 1252 3368; x_wconf 80' lang='lat' dir='ltr'>Sed</span> 
     </span>
     <span class='ocr_line' id='line_1_24' title="bbox 110 3389 1253 3471; baseline 0.002 -21"><span class='ocrx_word' id='word_1_179' title='bbox 110 3405 171 3466; x_wconf 84' lang='lat' dir='ltr'>quo</span> <span class='ocrx_word' id='word_1_180' title='bbox 191 3389 321 3464; x_wconf 77' lang='lat' dir='ltr'>numism,</span> <span class='ocrx_word' id='word_1_181' title='bbox 345 3389 430 3468; x_wconf 83' lang='lat' dir='ltr'>piane</span> <span class='ocrx_word' id='word_1_182' title='bbox 445 3389 625 3469; x_wconf 86' lang='lat' dir='ltr'>ignoramus,</span> <span class='ocrx_word' id='word_1_183' title='bbox 647 3407 736 3468; x_wconf 85' lang='lat' dir='ltr'>quum</span> <span class='ocrx_word' id='word_1_184' title='bbox 754 3389 1026 3471; x_wconf 78' lang='lat' dir='ltr'>„argentariorum“</span> <span class='ocrx_word' id='word_1_185' title='bbox 1043 3390 1131 3454; x_wconf 88' lang='lat' dir='ltr'>etiam</span> <span class='ocrx_word' id='word_1_186' title='bbox 1148 3389 1253 3470; x_wconf 82' lang='lat' dir='ltr'>appel-</span> 
     </span>
     <span class='ocr_line' id='line_1_25' title="bbox 110 3471 1252 3559; baseline 0.002 -23"><span class='ocrx_word' id='word_1_187' title='bbox 110 3473 180 3537; x_wconf 85' lang='lat' dir='ltr'>latio</span> <span class='ocrx_word' id='word_1_188' title='bbox 202 3491 290 3536; x_wconf 89' lang='lat' dir='ltr'>usum</span> <span class='ocrx_word' id='word_1_189' title='bbox 312 3475 419 3555; x_wconf 87' lang='lat' dir='ltr'>signati</span> <span class='ocrx_word' id='word_1_190' title='bbox 441 3476 572 3554; x_wconf 84' lang='lat' dir='ltr'>argenti,</span> <span class='ocrx_word' id='word_1_191' title='bbox 593 3476 620 3556; x_wconf 80' lang='lat' dir='ltr'>i.</span> <span class='ocrx_word' id='word_1_192' title='bbox 644 3494 671 3537; x_wconf 92' lang='lat' dir='ltr'>e.</span> <span class='ocrx_word' id='word_1_193' title='bbox 694 3476 838 3556; x_wconf 83' lang='lat' dir='ltr'>Pyrrhum</span> <span class='ocrx_word' id='word_1_194' title='bbox 860 3494 968 3557; x_wconf 80' lang='lat' dir='ltr'>regem</span> <span class='ocrx_word' id='word_1_195' title='bbox 988 3475 1136 3539; x_wconf 82' lang='lat' dir='ltr'>devictum</span> <span class='ocrx_word' id='word_1_196' title='bbox 1161 3471 1252 3559; x_wconf 82' lang='lat' dir='ltr'>(Ptin</span> 
     </span>
    </p>
   </div>
   <div class='ocr_carea' id='block_1_6' title="bbox 7 3559 1282 3643">
    <p class='ocr_par' dir='ltr' id='par_1_9' title="bbox 7 3559 1282 3643">
     <span class='ocr_line' id='line_1_26' title="bbox 7 3559 1282 3643; baseline 0.005 -23"><span class='ocrx_word' id='word_1_197' title='bbox 7 3585 9 3602; x_wconf 90' lang='lat'><em>·</em></span> <span class='ocrx_word' id='word_1_198' title='bbox 111 3559 205 3622; x_wconf 64' lang='lat' dir='ltr'><strong>H.=N.</strong></span> <span class='ocrx_word' id='word_1_199' title='bbox 228 3559 363 3636; x_wconf 83' lang='lat' dir='ltr'>xxxm,</span> <span class='ocrx_word' id='word_1_200' title='bbox 386 3559 422 3636; x_wconf 82' lang='grc'>3,</span> <span class='ocrx_word' id='word_1_201' title='bbox 448 3559 524 3643; x_wconf 82' lang='grc'><strong>13),</strong></span> <span class='ocrx_word' id='word_1_202' title='bbox 554 3578 614 3623; x_wconf 92' lang='lat' dir='ltr'>non</span> <span class='ocrx_word' id='word_1_203' title='bbox 643 3561 985 3642; x_wconf 80' lang='lat' dir='ltr'>potueritanteeedere</span> <span class='ocrx_word' id='word_1_204' title='bbox 1030 3562 1141 3628; x_wconf 82' lang='lat' dir='ltr'>Krentii</span> <span class='ocrx_word' id='word_1_205' title='bbox 1164 3563 1251 3626; x_wconf 89' lang='lat' dir='ltr'>etiam</span> <span class='ocrx_word' id='word_1_206' title='bbox 1278 3605 1282 3618; x_wconf 73' lang='lat'><strong>·</strong></span> 
     </span>
    </p>
   </div>
   <div class='ocr_carea' id='block_1_7' title="bbox 109 3645 1252 4419">
    <p class='ocr_par' dir='ltr' id='par_1_10' title="bbox 109 3645 1252 4419">
     <span class='ocr_line' id='line_1_27' title="bbox 112 3645 1252 3729; baseline 0.004 -20"><span class='ocrx_word' id='word_1_207' title='bbox 112 3646 229 3726; x_wconf 85' lang='lat' dir='ltr'>opinio,</span> <span class='ocrx_word' id='word_1_208' title='bbox 258 3651 326 3706; x_wconf 88' lang='lat' dir='ltr'>aute</span> <span class='ocrx_word' id='word_1_209' title='bbox 349 3647 515 3709; x_wconf 81' lang='lat' dir='ltr'>arenearios</span> <span class='ocrx_word' id='word_1_210' title='bbox 535 3645 602 3710; x_wconf 84' lang='lat' dir='ltr'>iilos</span> <span class='ocrx_word' id='word_1_211' title='bbox 625 3647 775 3728; x_wconf 68' lang='lat' dir='ltr'>dafiaitam</span> <span class='ocrx_word' id='word_1_212' title='bbox 790 3650 858 3728; x_wconf 84' lang='lat' dir='ltr'>jum</span> <span class='ocrx_word' id='word_1_213' title='bbox 881 3649 1075 3728; x_wconf 79' lang='lat' dir='ltr'>privatorum</span> <span class='ocrx_word' id='word_1_214' title='bbox 1105 3656 1252 3729; x_wconf 74' lang='lat' dir='ltr'>argenta-</span> 
     </span>
     <span class='ocr_line' id='line_1_28' title="bbox 110 3731 1251 3816; baseline 0.003 -23"><span class='ocrx_word' id='word_1_215' title='bbox 110 3733 228 3793; x_wconf 81' lang='lat' dir='ltr'>riorum</span> <span class='ocrx_word' id='word_1_216' title='bbox 250 3749 404 3792; x_wconf 82' lang='lat' dir='ltr'>numerum</span> <span class='ocrx_word' id='word_1_217' title='bbox 424 3732 533 3811; x_wconf 81' lang='lat' dir='ltr'>fuisse,</span> <span class='ocrx_word' id='word_1_218' title='bbox 556 3731 636 3795; x_wconf 82' lang='lat' dir='ltr'>nullo</span> <span class='ocrx_word' id='word_1_219' title='bbox 659 3734 755 3798; x_wconf 82' lang='lat' dir='ltr'>valido</span> <span class='ocrx_word' id='word_1_220' title='bbox 778 3743 951 3816; x_wconf 89' lang='lat' dir='ltr'>argumento</span> <span class='ocrx_word' id='word_1_221' title='bbox 975 3737 1120 3798; x_wconf 80' lang='lat' dir='ltr'>sublevari</span> <span class='ocrx_word' id='word_1_222' title='bbox 1142 3743 1251 3816; x_wconf 86' lang='lat' dir='ltr'>potest.</span> 
     </span>
     <span class='ocr_line' id='line_1_29' title="bbox 111 3817 1252 3898; baseline 0.001 -19"><span class='ocrx_word' id='word_1_223' title='bbox 111 3817 184 3880; x_wconf 88' lang='lat' dir='ltr'>Nam</span> <span class='ocrx_word' id='word_1_224' title='bbox 206 3823 398 3898; x_wconf 83' lang='lat' dir='ltr'>pervetustus</span> <span class='ocrx_word' id='word_1_225' title='bbox 419 3819 537 3897; x_wconf 85' lang='lat' dir='ltr'>quidem</span> <span class='ocrx_word' id='word_1_226' title='bbox 560 3818 751 3890; x_wconf 84' lang='lat' dir='ltr'>tabernaein</span> <span class='ocrx_word' id='word_1_227' title='bbox 774 3821 840 3884; x_wconf 84' lang='lat' dir='ltr'>foro</span> <span class='ocrx_word' id='word_1_228' title='bbox 864 3822 995 3890; x_wconf 86' lang='lat' dir='ltr'>Romano</span> <span class='ocrx_word' id='word_1_229' title='bbox 1020 3827 1049 3880; x_wconf 90' lang='lat' dir='ltr'>et</span> <span class='ocrx_word' id='word_1_230' title='bbox 1071 3836 1162 3881; x_wconf 86' lang='lat' dir='ltr'>voees</span> <span class='ocrx_word' id='word_1_231' title='bbox 1184 3821 1252 3883; x_wconf 89' lang='lat' dir='ltr'>illae</span> 
     </span>
     <span class='ocr_line' id='line_1_30' title="bbox 114 3901 1250 3988; baseline 0 -22"><span class='ocrx_word' id='word_1_232' title='bbox 114 3903 190 3980; x_wconf 84' lang='lat' dir='ltr'>„sub</span> <span class='ocrx_word' id='word_1_233' title='bbox 213 3901 401 3979; x_wconf 84' lang='lat' dir='ltr'>veteribus“‚</span> <span class='ocrx_word' id='word_1_234' title='bbox 434 3906 508 3982; x_wconf 80' lang='lat' dir='ltr'>„sub</span> <span class='ocrx_word' id='word_1_235' title='bbox 539 3905 662 3984; x_wconf 84' lang='lat' dir='ltr'>novis“,</span> <span class='ocrx_word' id='word_1_236' title='bbox 692 3913 761 3969; x_wconf 85' lang='lat' dir='ltr'>sunt</span> <span class='ocrx_word' id='word_1_237' title='bbox 790 3903 903 3988; x_wconf 83' lang='lat' dir='ltr'>(Varro</span> <span class='ocrx_word' id='word_1_238' title='bbox 935 3906 972 3966; x_wconf 90' lang='lat' dir='ltr'>de</span> <span class='ocrx_word' id='word_1_239' title='bbox 995 3904 1027 3966; x_wconf 91' lang='lat' dir='ltr'>L.</span> <span class='ocrx_word' id='word_1_240' title='bbox 1051 3904 1083 3966; x_wconf 85' lang='lat' dir='ltr'>L.</span> <span class='ocrx_word' id='word_1_241' title='bbox 1106 3905 1161 3984; x_wconf 83' lang='lat' dir='ltr'>vt,</span> <span class='ocrx_word' id='word_1_242' title='bbox 1191 3905 1250 3980; x_wconf 79' lang='lat'>593</span> 
     </span>
     <span class='ocr_line' id='line_1_31' title="bbox 109 3987 1251 4071; baseline -0.002 -19"><span class='ocrx_word' id='word_1_243' title='bbox 109 3990 204 4052; x_wconf 73' lang='lat' dir='ltr'>Pleni</span> <span class='ocrx_word' id='word_1_244' title='bbox 225 3987 363 4052; x_wconf 83' lang='lat' dir='ltr'>Gurcuiio</span> <span class='ocrx_word' id='word_1_245' title='bbox 385 3987 439 4066; x_wconf 81' lang='lat' dir='ltr'>iv,</span> <span class='ocrx_word' id='word_1_246' title='bbox 465 3989 498 4063; x_wconf 87' lang='grc'>1,</span> <span class='ocrx_word' id='word_1_247' title='bbox 525 3987 600 4071; x_wconf 87' lang='grc'><strong>19),</strong></span> <span class='ocrx_word' id='word_1_248' title='bbox 630 3991 684 4054; x_wconf 90' lang='lat' dir='ltr'>sed</span> <span class='ocrx_word' id='word_1_249' title='bbox 707 3993 839 4054; x_wconf 75' lang='lat' dir='ltr'>mansium</span> <span class='ocrx_word' id='word_1_250' title='bbox 859 4008 1003 4070; x_wconf 75' lang='lat' dir='ltr'>generum</span> <span class='ocrx_word' id='word_1_251' title='bbox 1024 3991 1163 4054; x_wconf 81' lang='lat' dir='ltr'>tabernae</span> <span class='ocrx_word' id='word_1_252' title='bbox 1186 3993 1251 4053; x_wconf 89' lang='lat' dir='ltr'>sine</span> 
     </span>
     <span class='ocr_line' id='line_1_32' title="bbox 113 4073 1252 4157; baseline 0.004 -21"><span class='ocrx_word' id='word_1_253' title='bbox 113 4073 203 4138; x_wconf 89' lang='lat' dir='ltr'>dubie</span> <span class='ocrx_word' id='word_1_254' title='bbox 219 4074 326 4138; x_wconf 87' lang='lat' dir='ltr'>ibidem</span> <span class='ocrx_word' id='word_1_255' title='bbox 349 4082 441 4138; x_wconf 83' lang='lat' dir='ltr'>erant.</span> <span class='ocrx_word' id='word_1_256' title='bbox 476 4075 623 4155; x_wconf 66' lang='lat' dir='ltr'>Definitio</span> <span class='ocrx_word' id='word_1_257' title='bbox 644 4077 732 4140; x_wconf 87' lang='lat' dir='ltr'>etiam</span> <span class='ocrx_word' id='word_1_258' title='bbox 753 4076 988 4157; x_wconf 83' lang='lat' dir='ltr'>argentariorum</span> <span class='ocrx_word' id='word_1_259' title='bbox 1010 4093 1152 4141; x_wconf 87' lang='lat' dir='ltr'>uumerus</span> <span class='ocrx_word' id='word_1_260' title='bbox 1171 4095 1252 4140; x_wconf 45' lang='lat' dir='ltr'>&#39;euru</span> 
     </span>
     <span class='ocr_line' id='line_1_33' title="bbox 110 4157 1252 4243; baseline 0.004 -21"><span class='ocrx_word' id='word_1_261' title='bbox 110 4157 231 4224; x_wconf 84' lang='lat' dir='ltr'>demum</span> <span class='ocrx_word' id='word_1_262' title='bbox 260 4168 429 4241; x_wconf 84' lang='lat' dir='ltr'>praetorum</span> <span class='ocrx_word' id='word_1_263' title='bbox 460 4163 636 4230; x_wconf 88' lang='lat' dir='ltr'>constitutus</span> <span class='ocrx_word' id='word_1_264' title='bbox 667 4162 781 4227; x_wconf 79' lang='lat' dir='ltr'>ridetur</span> <span class='ocrx_word' id='word_1_265' title='bbox 811 4179 895 4236; x_wconf 88' lang='lat' dir='ltr'>esse;</span> <span class='ocrx_word' id='word_1_266' title='bbox 924 4163 978 4226; x_wconf 88' lang='lat' dir='ltr'>sed</span> <span class='ocrx_word' id='word_1_267' title='bbox 1001 4163 1123 4243; x_wconf 85' lang='lat' dir='ltr'>speciali</span> <span class='ocrx_word' id='word_1_268' title='bbox 1147 4181 1252 4228; x_wconf 86' lang='lat' dir='ltr'>eorum</span> 
     </span>
     <span class='ocr_line' id='line_1_34' title="bbox 113 4249 1249 4330; baseline 0.004 -22"><span class='ocrx_word' id='word_1_269' title='bbox 113 4263 204 4310; x_wconf 83' lang='lat' dir='ltr'>curae</span> <span class='ocrx_word' id='word_1_270' title='bbox 226 4249 412 4329; x_wconf 86' lang='lat' dir='ltr'>argentarios</span> <span class='ocrx_word' id='word_1_271' title='bbox 432 4254 501 4310; x_wconf 88' lang='lat' dir='ltr'>ante</span> <span class='ocrx_word' id='word_1_272' title='bbox 523 4250 687 4312; x_wconf 86' lang='lat' dir='ltr'>mensarios</span> <span class='ocrx_word' id='word_1_273' title='bbox 708 4249 857 4312; x_wconf 87' lang='lat' dir='ltr'>institutos</span> <span class='ocrx_word' id='word_1_274' title='bbox 876 4249 1027 4330; x_wconf 84' lang='lat' dir='ltr'>subjectos</span> <span class='ocrx_word' id='word_1_275' title='bbox 1050 4249 1142 4316; x_wconf 82' lang='lat' dir='ltr'>tuisse</span> <span class='ocrx_word' id='word_1_276' title='bbox 1167 4253 1249 4313; x_wconf 87' lang='lat' dir='ltr'>veri·-</span> 
     </span>
     <span class='ocr_line' id='line_1_35' title="bbox 112 4332 1251 4419; baseline 0.006 -24"><span class='ocrx_word' id='word_1_277' title='bbox 112 4332 289 4398; x_wconf 75' lang='lat' dir='ltr'>sinitensi</span> <span class='ocrx_word' id='word_1_278' title='bbox 311 4341 374 4411; x_wconf 80' lang='lat' dir='ltr'>est;</span> <span class='ocrx_word' id='word_1_279' title='bbox 405 4343 475 4400; x_wconf 84' lang='lat' dir='ltr'>tune</span> <span class='ocrx_word' id='word_1_280' title='bbox 497 4335 574 4399; x_wconf 89' lang='lat' dir='ltr'>enim</span> <span class='ocrx_word' id='word_1_281' title='bbox 596 4335 626 4401; x_wconf 88' lang='lat' dir='ltr'>in</span> <span class='ocrx_word' id='word_1_282' title='bbox 649 4351 734 4400; x_wconf 84' lang='lat' dir='ltr'>usum</span> <span class='ocrx_word' id='word_1_283' title='bbox 756 4334 903 4416; x_wconf 82' lang='lat' dir='ltr'>pubiicum</span> <span class='ocrx_word' id='word_1_284' title='bbox 931 4343 1086 4416; x_wconf 79' lang='lat' dir='ltr'>praetores</span> <span class='ocrx_word' id='word_1_285' title='bbox 1108 4343 1251 4419; x_wconf 82' lang='lat' dir='ltr'>argenta-</span> 
     </span>
    </p>
   </div>
   <div class='ocr_carea' id='block_1_8' title="bbox 0 0 1438 5008">
    <p class='ocr_par' dir='ltr' id='par_1_11' title="bbox 0 0 1438 5008">
     <span class='ocr_line' id='line_1_36' title="bbox 0 0 1438 5008; baseline 0 0"><span class='ocrx_word' id='word_1_286' title='bbox 0 0 1438 5008; x_wconf 95' lang='lat' dir='ltr'> </span> 
     </span>
    </p>
   </div>
  </div>
 </body>
</html>
