2866 5008
643 307 838 369 ..4-

168 487 309 555 formulas
330 493 414 550 certe
435 483 473 546 dc
495 482 564 547 dolo
586 480 663 545 malo
686 481 722 544 ab
745 477 862 560 Aqurilio
892 477 1060 560 propositas
1088 477 1139 544 tali
1160 479 1308 561 exponit-

167 577 278 642 latione
300 573 505 653 exceptionem
535 568 600 632 doli.
622 565 689 630 mali
716 567 872 630 amisisset.
915 566 948 627 ln
969 565 1185 646 transcriptioic
1207 573 1307 630 autem

168 679 191 726 o
208 677 345 742 persono
364 660 398 720 in
415 671 580 738 pmsoncm
602 653 730 731 nomine,
752 653 777 715 si
799 650 868 714 nihil
890 651 940 714 tibi
964 649 1053 714 debet
1069 652 1106 729 is,
1127 669 1217 731 quem
1232 670 1308 715 crc-

168 745 258 811 ditori
280 755 330 808 tuo
354 743 494 821 delegare
516 742 578 819 vis,
607 741 672 805 sinc
702 754 850 801 consensu
873 755 940 800 eum
962 755 1020 800 non
1043 737 1169 820 obligari
1191 745 1307 802 cenum

167 839 232 908 cst3
253 832 334 909 item,
356 830 382 894 si
404 828 494 891 debet
514 826 643 907 qnidam,
665 824 721 888 sed
743 825 837 886 minus
857 823 957 901 debet,
977 830 1028 888 aut
1050 822 1160 886 diversi
1182 825 1305 904 generis

168 918 309 1000 obligatio
332 910 718 992 est‚velutibcnaes1dei.
759 909 914 990 Reliquam
937 917 992 986 est,
1015 910 1041 972 si
1061 909 1140 972 idem
1163 907 1252 972 debet
1273 917 1307 972 et

167 1003 301 1068 eiusdem
324 1000 469 1083 qualitatis
490 1005 548 1062 tam
569 998 697 1060 debitum
721 1014 807 1076 quam
829 997 906 1060 actio
930 993 967 1077 (i.
990 1013 1017 1058 e.
1041 994 1188 1058 condictio
1209 992 1304 1077 certi)

167 1097 225 1154 cst.
268 1085 401 1167 Exempli
422 1086 525 1168 gratia,
547 1083 738 1164 Sempronius
760 1089 791 1144 et
812 1082 906 1143 Titius
935 1082 1028 1144 literis
1051 1081 1241 1158 contrahunt,
1271 1089 1307 1143 nt
1420 1085 1421 1106 ³

167 1181 305 1250 centum,
333 1173 401 1236 buic
422 1173 460 1234 ab
481 1169 531 1232 illo
554 1169 667 1246 debita,
697 1168 744 1229 hic
765 1187 782 1230 a
803 1167 937 1246 Maeuio,
966 1166 1129 1248 Sempronii
1158 1167 1306 1245 debitore,

166 1268 257 1344 petat.
292 1259 368 1322 llum
389 1255 530 1334 Maevius,
553 1261 746 1336 posteaquam
767 1255 906 1317 nuncium
928 1253 1052 1334 perlecti
1067 1259 1236 1316 contractus
1249 1271 1306 1316 ac-

167 1347 293 1429 ceperit,
313 1361 348 1406 re
369 1361 441 1405 uera
463 1341 538 1404 Titio
561 1347 607 1403 est
626 1340 797 1422 obligatus?
826 1338 944 1402 Minime
951 1359 961 1414 3
982 1357 1050 1402 nam
1066 1337 1213 1419 delegatio
1228 1355 1305 1419 pro-

167 1433 298 1515 ponitur,
319 1430 349 1492 in
392 1447 438 1504 ua,
461 1427 592 1508 quamvis
611 1443 694 1488 mero
713 1424 834 1490 arbitrio
857 1425 1021 1488 debitorem
1037 1423 1142 1504 aliquis
1164 1424 1305 1506 delegare

166 1517 265 1601 possit
287 1510 324 1597 (l.
348 1445 702 1596 131110111111111
724 1518 821 1574 tamen
844 1513 985 1582 nocato,
1007 1529 1064 1591 qua
1085 1511 1122 1589 is,
1145 1511 1197 1591 qui
1218 1509 1305 1572 dele-

167 1612 255 1686 gatus
277 1608 334 1677 est,
357 1599 504 1682 obligatur
526 1600 570 1677 ci,
594 1598 643 1660 cui
664 1597 818 1680 delegatus
841 1605 900 1676 est,
922 1599 999 1660 inter
1021 1597 1111 1658 bascc
1133 1595 1207 1659 duas
1228 1614 1305 1677 per-

166 1705 258 1756 sonas
281 1686 371 1749 debet
388 1685 579 1762 sollemniter,
596 1684 893 1763 veluti-stipulatione
916 1680 954 1764 (l.
968 1682 1011 1745 32
1030 1681 1050 1743 l.
1066 1681 1117 1745 ult.
1136 1683 1155 1744 i.
1171 1681 1191 1744 f.
1205 1679 1305 1764 eod),

168 1773 316 1839 contrabi:
338 1770 457 1846 Poenis,
478 1768 567 1831 Pand.
591 1767 637 1829 ed.
660 1768 680 1829 3
704 1770 734 1844 §.
758 1767 830 1830 291.
875 1767 977 1830 Canio
1000 1767 1118 1847 quidem
1140 1768 1204 1830 sine
1227 1785 1303 1831 con-

167 1875 261 1926 sensu
283 1855 424 1919 debitoris
446 1855 491 1916 lit:
513 1854 567 1918 sed
590 1854 688 1916 cessio
712 1854 830 1916 minime
849 1860 946 1916 novat.
981 1855 1108 1917 Omnino
1123 1855 1211 1935 igilur
1227 1870 1304 1917 oon·-

165 1961 287 2012 scusum
309 1941 402 2004 luisse
424 1941 637 2018 necessarium,
660 1940 685 2002 si
706 1938 799 2002 literis
821 1940 1054 2017 contraheretur,
1077 1946 1108 2000 et
1122 1941 1151 2000 in
1166 1940 1228 2020 ipsa
1244 1958 1305 2002 cn·-

163 2029 381 2114 penrilctione‚
410 2027 498 2090 sicuti
527 2028 556 2088 in
585 2026 771 2106 stipulatione
800 2027 829 2088 in
851 2026 968 2102 cabis,
997 2043 1176 2088 consensum
1199 2023 1303 2104 luisse,

168 2115 301 2198 quamuis
323 2111 516 2194 expensilatio
540 2129 607 2180 eum
630 2129 689 2175 non
711 2111 783 2174 satis
802 2112 965 2190 probaret,
988 2112 1167 2194 comparatio
1190 2130 1208 2175 u
1230 2110 1303 2177 Gaio

166 2201 213 2282 lll,
237 2197 298 2262 137
321 2200 397 2262 inter
419 2198 509 2260 verba
531 2205 562 2260 et
583 2199 682 2260 literas
704 2199 835 2261 instituta
858 2197 963 2261 docet:

214 2303 300 2366 ,oum
321 2285 449 2367 alioquin
470 2285 500 2346 in
522 2285 683 2350 uerborum
704 2283 1021 2366 obligationibusnlius
1041 2284 1208 2368 stipuletur,
1229 2283 1302 2346 abus

209 2373 422 2489 promittebam
443 2371 473 2434 in
495 2371 662 2436 nominibus
681 2370 755 2436 alius
770 2388 932 2451 expensmn
946 2369 1072 2438 ferendo
1086 2369 1208 2452 obliget,
1230 2369 1302 2433 alius

212 2457 270 2520 obli
294 2466 367 2520 etur.

255 2477 315 2612 sid
337 2557 435 2604 nonne
456 2542 572 2603 absenti
593 2558 714 2620 quoque
736 2559 898 2620 expensum
918 2540 1035 2603 fertur?
1079 2537 1202 2605 Absenti
1231 2542 1303 2622 qui·

165 2629 255 2706 dem,
276 2625 330 2690 sed
353 2643 452 2706 neque
472 2627 620 2708 ignoranti
641 2643 739 2705 neque
762 2627 868 2689 inuito:
897 2625 1109 2708 Meyerleldius
1132 2625 1169 2689 de
1192 2627 1301 2691 douatt.

165 2733 208 2797 p.⁴
222 2713 291 2776 169.
336 2711 428 2775 Etiam
449 2713 485 2791 is,
507 2712 557 2792 qui
577 2728 727 2774 consensu
751 2711 792 2790 lit,
813 2718 983 2776 contractus
1006 2720 1037 2775 et
1058 2731 1207 2777 consensu
1228 2732 1302 2796 pro-

165 2800 245 2966 11116
246 2798 357 2948 (11ιί111111
377 2797 459 2877 beri,
487 2797 674 2862 nibilominus
704 2798 861 2878 quominus
890 2799 967 2862 inter
994 2798 1133 2863 absentes
1155 2799 1205 2862 liat
1227 2799 1301 2864 baud

326 3083 356 3143 ,1.
377 3077 405 3134 2.
450 3076 628 3149 Ooinpnrctio
649 3077 835 3150 stipulationis
858 3085 885 3136 et
907 3079 1145 3153 expensilctioois.

250 3228 450 3310 Proprietates
470 3228 556 3308 illae,
585 3229 675 3292 veluti
697 3229 858 3311 scriptura,
889 3230 1085 3308 nuncupatio,
1114 3228 1206 3293 stricti
1224 3229 1299 3311 juris

162 3318 351 3380 conuectum
373 3312 520 3390 alliciunt,
549 3307 638 3391 quum
665 3317 787 3394 proprio
817 3313 923 3375 civium
953 3313 1151 3378 Romanorum
1174 3315 1301 3378 nitantur
1416 3359 1417 3380 2

69 3441 82 3480 ‚·
163 3403 240 3484 jure.
284 3397 368 3460 Unde
391 3399 440 3478 qui
462 3415 610 3460 eumenen
631 3396 665 3458 int
687 3403 917 3460 contractuseo
939 3396 1076 3481 distingui
1099 3400 1186 3463 debet
1202 3401 1238 3463 ab
1253 3401 1299 3478 iis,

163 3486 217 3565 qui
238 3483 338 3546 uerbis
359 3481 490 3544 literisve
511 3481 600 3559 liunt,
629 3482 708 3562 quod
731 3483 827 3545 bonae
849 3481 917 3544 fidei
944 3482 1024 3546 illinc
1045 3487 1123 3548 actio
1145 3492 1298 3550 nascatur}

163 3587 228 3652 arg.
251 3587 269 3631 a
291 3575 386 3631 contr.
409 3566 467 3628 tito.
489 3585 544 3647 pro
566 3567 655 3630 Rosc.
677 3566 760 3629 Com.
782 3568 814 3646 4,
838 3567 878 3630 13
901 3575 931 3630 et
956 3567 1006 3631 14.
1042 3569 1124 3635 Hanc
1144 3573 1234 3654 igitur
1248 3570 1298 3636 di-

162 3653 334 3719 versitatem
358 3671 398 3714 ex
418 3649 467 3714 iila
489 3655 648 3731 consequi,
670 3652 776 3716 vocula
801 3653 908 3732 „item“
934 3654 1022 3718 Gaius
1043 3656 1093 3733 lll,
1118 3655 1179 3719 137
1201 3658 1298 3740 signi·
1415 3723 1416 3740 χ

161 3739 241 3805 fiant
285 3737 344 3802 Sed
373 3754 479 3819 magna
508 3737 609 3799 etiam
624 3739 653 3799 in
684 3738 746 3801 aliis
775 3740 969 3819 stipulationis
998 3748 1029 3804 et
1057 3742 1298 3821 expensilntionis

162 3823 321 3890 similitudo
343 3821 460 3886 uidetur
482 3820 586 3900 luisse,
609 3840 694 3901 quam
717 3833 747 3888 et
769 3823 859 3888 Gaius
881 3825 989 3892 indicat
1010 3835 1041 3890 et
1054 3827 1142 3905 actio,
1164 3843 1242 3907 quae
1258 3847 1298 3892 ex

161 3911 312 3974 literarum
333 3909 510 3989 obligatione
533 3910 682 3988 competit,
704 3909 779 3972 inira
803 3910 929 3974 docebit.
974 3913 1076 3978 Plarcs
1092 3915 1195 3991 etiam,
1217 3931 1297 3994 quo·

69 4071 73 4078 ἱ
160 4013 228 4059 rum
256 3993 365 4057 tabulis
394 4012 452 4056 una
482 3993 644 4075 eademque
673 3995 812 4076 obligatio
843 3993 918 4059 facta
941 4005 1004 4078 est,
1032 3999 1061 4060 in
1084 3998 1188 4060 endem
1209 4000 1297 4080 plane

161 4077 337 4143 condicione
360 4097 445 4160 quam
467 4079 567 4159 plures
589 4081 634 4142 rei
656 4080 811 4160 stipulandi
826 4089 910 4144 sunt:
933 4083 992 4146 Cic.
1006 4083 1046 4146 ad
1060 4080 1119 4145 Att.
1134 4084 1182 4160 Ill,
1199 4084 1249 4160 18,
1264 4084 1295 4146 2.
1414 4083 1415 4170 l

160 4164 295 4230 intanta
316 4165 406 4246 igitur
428 4163 611 4230 similitudine
633 4165 722 4229 Gaius
744 4166 789 4244 lli,
813 4166 876 4229 138
898 4167 942 4246 11,
965 4187 1024 4249 quo
1046 4168 1216 4252 discrepant
1238 4168 1295 4232 duo
1414 4179 1415 4235 l

161 4265 275 4330 genera
295 4248 354 4327 illa,
376 4249 481 4312 vocula
505 4249 590 4329 ,set“
612 4251 749 4315 instituit:
771 4253 893 4332 scilicet,
917 4253 995 4333 quud
1009 4254 1101 4318 literis
1115 4257 1202 4320 etiam
1217 4255 1297 4318 inter

161 4334 302 4406 abssmes
323 4333 520 4403 eunuchatur.
565 4335 629 4411 Qua
649 4337 729 4404 inre
744 4355 834 4421 quum
848 4337 949 4407 similis
963 4338 1002 4404 sit
1018 4335 1202 4423 obligationis
1217 4355 1296 4405 aon-
