<?xml version="1.0" encoding="UTF-8"?>
<!DOCTYPE html PUBLIC "-//W3C//DTD XHTML 1.0 Transitional//EN"
    "http://www.w3.org/TR/xhtml1/DTD/xhtml1-transitional.dtd">
<html xmlns="http://www.w3.org/1999/xhtml" xml:lang="en" lang="en">
 <head>
  <title>
</title>
<meta http-equiv="Content-Type" content="text/html;charset=utf-8" />
  <meta name='ocr-system' content='tesseract 3.04.00' />
  <meta name='ocr-capabilities' content='ocr_page ocr_carea ocr_par ocr_line ocrx_word'/>
</head>
<body>
  <div class='ocr_page' id='page_1' title='image "./deliterarumobli00pagegoog_0049.png"; bbox 0 0 2866 5008; ppageno 0'>
   <div class='ocr_carea' id='block_1_1' title="bbox 626 297 846 366">
    <p class='ocr_par' dir='ltr' id='par_1_1' title="bbox 626 297 846 366">
     <span class='ocr_line' id='line_1_1' title="bbox 626 297 846 366; baseline 0.005 -16"><span class='ocrx_word' id='word_1_1' title='bbox 626 297 846 366; x_wconf 68' lang='lat'>...35-</span> 
     </span>
    </p>
   </div>
   <div class='ocr_carea' id='block_1_2' title="bbox 165 467 1327 3136">
    <p class='ocr_par' dir='ltr' id='par_1_2' title="bbox 165 467 1327 3136">
     <span class='ocr_line' id='line_1_2' title="bbox 169 467 1310 558; baseline 0 -20"><span class='ocrx_word' id='word_1_2' title='bbox 169 475 379 558; x_wconf 85' lang='lat' dir='ltr'><strong>exceptionem</strong></span> <span class='ocrx_word' id='word_1_3' title='bbox 398 473 460 538; x_wconf 42' lang='lat' dir='ltr'><strong>‘dou</strong></span> <span class='ocrx_word' id='word_1_4' title='bbox 482 481 657 540; x_wconf 71' lang='lat' dir='ltr'><strong>numeratae</strong></span> <span class='ocrx_word' id='word_1_5' title='bbox 678 473 824 556; x_wconf 80' lang='lat' dir='ltr'><strong>pecuniae</strong></span> <span class='ocrx_word' id='word_1_6' title='bbox 847 467 1050 538; x_wconf 84' lang='lat' dir='ltr'><strong>contra&#39;h&#39;and</strong></span> <span class='ocrx_word' id='word_1_7' title='bbox 1074 472 1163 536; x_wconf 88' lang='lat' dir='ltr'><strong>etiam</strong></span> <span class='ocrx_word' id='word_1_8' title='bbox 1192 472 1310 540; x_wconf 70' lang='lat' dir='ltr'><strong>abaco·</strong></span> 
     </span>
     <span class='ocr_line' id='line_1_3' title="bbox 170 555 1309 643; baseline -0.002 -18"><span class='ocrx_word' id='word_1_9' title='bbox 170 563 300 643; x_wconf 88' lang='lat' dir='ltr'><strong>ptionem</strong></span> <span class='ocrx_word' id='word_1_10' title='bbox 328 576 420 642; x_wconf 88' lang='lat' dir='ltr'><strong>posse</strong></span> <span class='ocrx_word' id='word_1_11' title='bbox 450 562 593 642; x_wconf 76' lang='lat' dir='ltr'><strong>optinere.</strong></span> <span class='ocrx_word' id='word_1_12' title='bbox 639 561 758 634; x_wconf 85' lang='lat' dir='ltr'><strong>Queero</strong></span> <span class='ocrx_word' id='word_1_13' title='bbox 787 567 903 638; x_wconf 89' lang='lat' dir='ltr'><strong>autem,</strong></span> <span class='ocrx_word' id='word_1_14' title='bbox 936 577 994 640; x_wconf 89' lang='lat' dir='ltr'><strong>qun</strong></span> <span class='ocrx_word' id='word_1_15' title='bbox 1025 555 1103 622; x_wconf 88' lang='lat' dir='ltr'><strong>forte</strong></span> <span class='ocrx_word' id='word_1_16' title='bbox 1131 566 1219 623; x_wconf 85' lang='lat' dir='ltr'><strong>ceusu</strong></span> <span class='ocrx_word' id='word_1_17' title='bbox 1250 561 1309 624; x_wconf 90' lang='lat' dir='ltr'><strong>do-</strong></span> 
     </span>
     <span class='ocr_line' id='line_1_4' title="bbox 171 645 1310 730; baseline 0 -20"><span class='ocrx_word' id='word_1_18' title='bbox 171 649 269 712; x_wconf 86' lang='lat' dir='ltr'><strong>minus</strong></span> <span class='ocrx_word' id='word_1_19' title='bbox 290 649 477 729; x_wconf 79' lang='lat' dir='ltr'><strong>ueqotiorum</strong></span> <span class='ocrx_word' id='word_1_20' title='bbox 504 648 598 730; x_wconf 89' lang='lat' dir='ltr'><strong>possit</strong></span> <span class='ocrx_word' id='word_1_21' title='bbox 625 647 822 723; x_wconf 78' lang='lat' dir='ltr'><strong>commoveri,</strong></span> <span class='ocrx_word' id='word_1_22' title='bbox 845 654 876 708; x_wconf 92' lang='lat' dir='ltr'><strong>ut</strong></span> <span class='ocrx_word' id='word_1_23' title='bbox 903 645 1060 724; x_wconf 74' lang='lat' dir='ltr'>adscribat,</span> <span class='ocrx_word' id='word_1_24' title='bbox 1082 648 1214 726; x_wconf 78' lang='lat' dir='ltr'><strong>quamuis</strong></span> <span class='ocrx_word' id='word_1_25' title='bbox 1240 647 1310 710; x_wconf 80' lang='lat' dir='ltr'>nihil</span> 
     </span>
     <span class='ocr_line' id='line_1_5' title="bbox 169 732 1309 816; baseline -0.002 -19"><span class='ocrx_word' id='word_1_26' title='bbox 169 736 329 816; x_wconf 81' lang='lat' dir='ltr'><strong>acceperit.</strong></span> <span class='ocrx_word' id='word_1_27' title='bbox 372 733 504 797; x_wconf 88' lang='lat' dir='ltr'><strong>hfutuum</strong></span> <span class='ocrx_word' id='word_1_28' title='bbox 529 732 645 813; x_wconf 88' lang='lat' dir='ltr'><strong>quidem</strong></span> <span class='ocrx_word' id='word_1_29' title='bbox 667 733 797 796; x_wconf 77' lang='lat' dir='ltr'><strong>creditor</strong></span> <span class='ocrx_word' id='word_1_30' title='bbox 818 732 938 799; x_wconf 89' lang='lat' dir='ltr'><strong>sofverc</strong></span> <span class='ocrx_word' id='word_1_31' title='bbox 961 747 1019 795; x_wconf 90' lang='lat' dir='ltr'><strong>non</strong></span> <span class='ocrx_word' id='word_1_32' title='bbox 1043 733 1132 811; x_wconf 80' lang='lat' dir='ltr'><strong>auft,&#39;</strong></span> <span class='ocrx_word' id='word_1_33' title='bbox 1149 733 1205 797; x_wconf 89' lang='lat' dir='ltr'><strong>uisi</strong></span> <span class='ocrx_word' id='word_1_34' title='bbox 1224 741 1309 798; x_wconf 87' lang='lat' dir='ltr'><strong>autea</strong></span> 
     </span>
     <span class='ocr_line' id='line_1_6' title="bbox 170 817 1309 900; baseline 0 -18"><span class='ocrx_word' id='word_1_35' title='bbox 170 819 371 900; x_wconf 71' lang='lat' dir='ltr'><strong>chirografum</strong></span> <span class='ocrx_word' id='word_1_36' title='bbox 394 821 542 899; x_wconf 89' lang='lat' dir='ltr'><strong>acceperit</strong></span> <span class='ocrx_word' id='word_1_37' title='bbox 549 839 559 894; x_wconf 82' lang='lat'><em>3</em></span> <span class='ocrx_word' id='word_1_38' title='bbox 589 837 645 882; x_wconf 89' lang='lat' dir='ltr'><strong>nco</strong></span> <span class='ocrx_word' id='word_1_39' title='bbox 673 818 807 896; x_wconf 82' lang='lat' dir='ltr'><strong>debitor,</strong></span> <span class='ocrx_word' id='word_1_40' title='bbox 837 819 991 897; x_wconf 85' lang='lat' dir='ltr'><strong>quominus</strong></span> <span class='ocrx_word' id='word_1_41' title='bbox 1022 817 1221 900; x_wconf 74' lang='lat' dir='ltr'><strong>chirografum</strong></span> <span class='ocrx_word' id='word_1_42' title='bbox 1251 838 1309 882; x_wconf 87' lang='lat' dir='ltr'><strong>ao·</strong></span> 
     </span>
     <span class='ocr_line' id='line_1_7' title="bbox 171 905 1310 988; baseline -0.001 -20"><span class='ocrx_word' id='word_1_43' title='bbox 171 911 221 968; x_wconf 87' lang='lat' dir='ltr'><strong>tea</strong></span> <span class='ocrx_word' id='word_1_44' title='bbox 242 905 353 982; x_wconf 89' lang='lat' dir='ltr'><strong>tradat,</strong></span> <span class='ocrx_word' id='word_1_45' title='bbox 382 922 524 968; x_wconf 89' lang='lat' dir='ltr'><strong>recusare</strong></span> <span class='ocrx_word' id='word_1_46' title='bbox 545 913 660 986; x_wconf 86' lang='lat' dir='ltr'><strong>potest,</strong></span> <span class='ocrx_word' id='word_1_47' title='bbox 689 923 778 985; x_wconf 91' lang='lat' dir='ltr'><strong>quum</strong></span> <span class='ocrx_word' id='word_1_48' title='bbox 801 906 857 966; x_wconf 91' lang='lat' dir='ltr'><strong>sub</strong></span> <span class='ocrx_word' id='word_1_49' title='bbox 880 905 1033 966; x_wconf 85' lang='lat' dir='ltr'><strong>casotum</strong></span> <span class='ocrx_word' id='word_1_50' title='bbox 1056 905 1231 968; x_wconf 87' lang='lat' dir='ltr'><strong>condicione</strong></span> <span class='ocrx_word' id='word_1_51' title='bbox 1251 923 1310 988; x_wconf 87' lang='lat' dir='ltr'><strong>pe·</strong></span> 
     </span>
     <span class='ocr_line' id='line_1_8' title="bbox 170 990 1311 1078; baseline 0.001 -23"><span class='ocrx_word' id='word_1_52' title='bbox 170 992 259 1071; x_wconf 84' lang='lat' dir='ltr'><strong>cunia</strong></span> <span class='ocrx_word' id='word_1_53' title='bbox 282 993 312 1053; x_wconf 88' lang='lat' dir='ltr'><strong>ei</strong></span> <span class='ocrx_word' id='word_1_54' title='bbox 327 990 421 1054; x_wconf 90' lang='lat' dir='ltr'><strong>detur.</strong></span> <span class='ocrx_word' id='word_1_55' title='bbox 451 991 489 1054; x_wconf 90' lang='lat' dir='ltr'><strong>fis</strong></span> <span class='ocrx_word' id='word_1_56' title='bbox 510 992 599 1072; x_wconf 81' lang='lat' dir='ltr'><strong>igitur</strong></span> <span class='ocrx_word' id='word_1_57' title='bbox 621 993 717 1054; x_wconf 85' lang='lat' dir='ltr'><strong>causis</strong></span> <span class='ocrx_word' id='word_1_58' title='bbox 740 991 876 1069; x_wconf 88' lang='lat' dir='ltr'><strong>exceptio</strong></span> <span class='ocrx_word' id='word_1_59' title='bbox 899 997 1149 1078; x_wconf 69' lang='lat' dir='ltr'><strong>nonanumeretee</strong></span> <span class='ocrx_word' id='word_1_60' title='bbox 1167 994 1311 1073; x_wconf 86' lang='lat' dir='ltr'><strong>pecuniae</strong></span> 
     </span>
     <span class='ocr_line' id='line_1_9' title="bbox 173 1076 1311 1158; baseline 0.001 -18"><span class='ocrx_word' id='word_1_61' title='bbox 173 1096 262 1158; x_wconf 92' lang='lat' dir='ltr'><strong>quum</strong></span> <span class='ocrx_word' id='word_1_62' title='bbox 291 1079 473 1158; x_wconf 89' lang='lat' dir='ltr'><strong>potissimum</strong></span> <span class='ocrx_word' id='word_1_63' title='bbox 503 1080 628 1153; x_wconf 84' lang='lat' dir='ltr'><strong>nitatur,</strong></span> <span class='ocrx_word' id='word_1_64' title='bbox 659 1078 689 1139; x_wconf 92' lang='lat' dir='ltr'><strong>in</strong></span> <span class='ocrx_word' id='word_1_65' title='bbox 711 1077 878 1158; x_wconf 82' lang='lat' dir='ltr'><strong>argentario</strong></span> <span class='ocrx_word' id='word_1_66' title='bbox 907 1078 1021 1140; x_wconf 89' lang='lat' dir='ltr'><strong>retione</strong></span> <span class='ocrx_word' id='word_1_67' title='bbox 1051 1076 1201 1154; x_wconf 86' lang='lat' dir='ltr'><strong>reddendo</strong></span> <span class='ocrx_word' id='word_1_68' title='bbox 1222 1079 1311 1153; x_wconf 54' lang='lat' dir='ltr'><strong>,nuth</strong></span> 
     </span>
     <span class='ocr_line' id='line_1_10' title="bbox 170 1161 1310 1244; baseline 0.002 -18"><span class='ocrx_word' id='word_1_69' title='bbox 170 1182 273 1240; x_wconf 84' lang='lat' dir='ltr'><strong>earum</strong></span> <span class='ocrx_word' id='word_1_70' title='bbox 291 1165 417 1244; x_wconf 89' lang='lat' dir='ltr'><strong>optinet.</strong></span> <span class='ocrx_word' id='word_1_71' title='bbox 463 1164 565 1236; x_wconf 79' lang='lat' dir='ltr'><strong>Quare</strong></span> <span class='ocrx_word' id='word_1_72' title='bbox 583 1171 663 1236; x_wconf 84' lang='lat' dir='ltr'><strong>stare</strong></span> <span class='ocrx_word' id='word_1_73' title='bbox 685 1163 761 1225; x_wconf 84' lang='lat' dir='ltr'><strong>efter</strong></span> <span class='ocrx_word' id='word_1_74' title='bbox 790 1161 971 1226; x_wconf 75' lang='lat' dir='ltr'><strong>confessioni</strong></span> <span class='ocrx_word' id='word_1_75' title='bbox 1000 1161 1099 1225; x_wconf 57' lang='lat' dir='ltr'><strong>debete</strong></span> <span class='ocrx_word' id='word_1_76' title='bbox 1142 1163 1201 1229; x_wconf 86' lang='lat' dir='ltr'><strong>sed</strong></span> <span class='ocrx_word' id='word_1_77' title='bbox 1223 1166 1310 1228; x_wconf 87' lang='lat' dir='ltr'><strong>etiem</strong></span> 
     </span>
     <span class='ocr_line' id='line_1_11' title="bbox 170 1247 1310 1330; baseline 0.003 -19"><span class='ocrx_word' id='word_1_78' title='bbox 170 1249 308 1313; x_wconf 87' lang='lat' dir='ltr'><strong>distincte</strong></span> <span class='ocrx_word' id='word_1_79' title='bbox 329 1250 347 1314; x_wconf 87' lang='lat' dir='ltr'><strong>f.</strong></span> <span class='ocrx_word' id='word_1_80' title='bbox 373 1247 423 1324; x_wconf 82' lang='lat' dir='ltr'><strong>tt,</strong></span> <span class='ocrx_word' id='word_1_81' title='bbox 446 1249 469 1312; x_wconf 81' lang='lat'><strong>3</strong></span> <span class='ocrx_word' id='word_1_82' title='bbox 490 1249 527 1311; x_wconf 87' lang='lat' dir='ltr'><strong>de</strong></span> <span class='ocrx_word' id='word_1_83' title='bbox 550 1248 608 1312; x_wconf 91' lang='lat' dir='ltr'><strong>dol.</strong></span> <span class='ocrx_word' id='word_1_84' title='bbox 629 1250 698 1316; x_wconf 78' lang='lat' dir='ltr'><strong>mai.</strong></span> <span class='ocrx_word' id='word_1_85' title='bbox 720 1256 749 1310; x_wconf 88' lang='lat' dir='ltr'><strong>et</strong></span> <span class='ocrx_word' id='word_1_86' title='bbox 771 1256 839 1313; x_wconf 88' lang='lat' dir='ltr'><strong>met.</strong></span> <span class='ocrx_word' id='word_1_87' title='bbox 863 1265 929 1310; x_wconf 89' lang='lat' dir='ltr'><strong>exo.</strong></span> <span class='ocrx_word' id='word_1_88' title='bbox 952 1247 1113 1326; x_wconf 34' lang='lat' dir='ltr'><strong>thv,r4,</strong></span> <span class='ocrx_word' id='word_1_89' title='bbox 1135 1251 1186 1328; x_wconf 90' lang='lat' dir='ltr'><strong>qui</strong></span> <span class='ocrx_word' id='word_1_90' title='bbox 1208 1267 1310 1330; x_wconf 87' lang='lat' dir='ltr'><strong>param</strong></span> 
     </span>
     <span class='ocr_line' id='line_1_12' title="bbox 170 1334 1311 1416; baseline 0 -18"><span class='ocrx_word' id='word_1_91' title='bbox 170 1335 259 1400; x_wconf 83' lang='lat' dir='ltr'><strong>facist</strong></span> <span class='ocrx_word' id='word_1_92' title='bbox 279 1337 433 1412; x_wconf 84' lang='lat' dir='ltr'><strong>rationem,</strong></span> <span class='ocrx_word' id='word_1_93' title='bbox 455 1337 493 1396; x_wconf 91' lang='lat' dir='ltr'><strong>de</strong></span> <span class='ocrx_word' id='word_1_94' title='bbox 515 1337 595 1401; x_wconf 84' lang='lat' dir='ltr'><strong>omni</strong></span> <span class='ocrx_word' id='word_1_95' title='bbox 615 1337 801 1400; x_wconf 84' lang='lat' dir='ltr'><strong>restitutione</strong></span> <span class='ocrx_word' id='word_1_96' title='bbox 821 1341 928 1416; x_wconf 89' lang='lat' dir='ltr'><strong>sponte</strong></span> <span class='ocrx_word' id='word_1_97' title='bbox 944 1334 1089 1396; x_wconf 88' lang='lat' dir='ltr'><strong>recedere</strong></span> <span class='ocrx_word' id='word_1_98' title='bbox 1101 1334 1247 1402; x_wconf 76' lang='lat' dir='ltr'><strong>efficitur.</strong></span> <span class='ocrx_word' id='word_1_99' title='bbox 1279 1336 1311 1398; x_wconf 93' lang='lat' dir='ltr'><strong>fn</strong></span> 
     </span>
     <span class='ocr_line' id='line_1_13' title="bbox 169 1421 1311 1504; baseline 0.002 -20"><span class='ocrx_word' id='word_1_100' title='bbox 169 1421 318 1501; x_wconf 74' lang='lat' dir='ltr'><strong>integrum</strong></span> <span class='ocrx_word' id='word_1_101' title='bbox 340 1426 438 1483; x_wconf 88' lang='lat' dir='ltr'><strong>temen</strong></span> <span class='ocrx_word' id='word_1_102' title='bbox 459 1439 500 1483; x_wconf 88' lang='lat' dir='ltr'><strong>ex</strong></span> <span class='ocrx_word' id='word_1_103' title='bbox 517 1424 600 1504; x_wconf 90' lang='lat' dir='ltr'><strong>justa</strong></span> <span class='ocrx_word' id='word_1_104' title='bbox 620 1439 708 1488; x_wconf 86' lang='lat' dir='ltr'><strong>cause</strong></span> <span class='ocrx_word' id='word_1_105' title='bbox 730 1429 833 1484; x_wconf 85' lang='lat' dir='ltr'><strong>contre</strong></span> <span class='ocrx_word' id='word_1_106' title='bbox 862 1421 1052 1501; x_wconf 82' lang='lat' dir='ltr'><strong>perictionem</strong></span> <span class='ocrx_word' id='word_1_107' title='bbox 1082 1425 1180 1500; x_wconf 86' lang='lat' dir='ltr'><strong>potest</strong></span> <span class='ocrx_word' id='word_1_108' title='bbox 1205 1421 1311 1502; x_wconf 86' lang='lat' dir='ltr'><strong>aliquis</strong></span> 
     </span>
     <span class='ocr_line' id='line_1_14' title="bbox 172 1505 1311 1590; baseline 0.002 -20"><span class='ocrx_word' id='word_1_109' title='bbox 172 1507 304 1580; x_wconf 83' lang='lat' dir='ltr'><strong>restitoi3</strong></span> <span class='ocrx_word' id='word_1_110' title='bbox 326 1506 417 1569; x_wconf 91' lang='lat' dir='ltr'><strong>veluti</strong></span> <span class='ocrx_word' id='word_1_111' title='bbox 440 1507 466 1569; x_wconf 90' lang='lat' dir='ltr'><strong>si</strong></span> <span class='ocrx_word' id='word_1_112' title='bbox 485 1505 583 1572; x_wconf 90' lang='lat' dir='ltr'><strong>dofum</strong></span> <span class='ocrx_word' id='word_1_113' title='bbox 597 1509 785 1590; x_wconf 79' lang='lat' dir='ltr'><strong>argentarius</strong></span> <span class='ocrx_word' id='word_1_114' title='bbox 796 1508 996 1572; x_wconf 87' lang='lat' dir='ltr'><strong>commiserit:</strong></span> <span class='ocrx_word' id='word_1_115' title='bbox 1019 1506 1038 1569; x_wconf 89' lang='lat' dir='ltr'><strong>f.</strong></span> <span class='ocrx_word' id='word_1_116' title='bbox 1057 1505 1104 1570; x_wconf 79' lang='lat'><strong>22</strong></span> <span class='ocrx_word' id='word_1_117' title='bbox 1125 1506 1164 1568; x_wconf 88' lang='lat' dir='ltr'><strong>de</strong></span> <span class='ocrx_word' id='word_1_118' title='bbox 1182 1525 1311 1590; x_wconf 72' lang='lat' dir='ltr'><strong>manuue</strong></span> 
     </span>
     <span class='ocr_line' id='line_1_15' title="bbox 168 1592 1312 1675; baseline 0.003 -21"><span class='ocrx_word' id='word_1_119' title='bbox 168 1597 240 1656; x_wconf 66' lang='lat' dir='ltr'><strong>festi</strong></span> <span class='ocrx_word' id='word_1_120' title='bbox 261 1592 324 1671; x_wconf 83' lang='lat' dir='ltr'><strong>XL,</strong></span> <span class='ocrx_word' id='word_1_121' title='bbox 346 1593 375 1655; x_wconf 88' lang='grc'><strong>4.</strong></span> <span class='ocrx_word' id='word_1_122' title='bbox 409 1592 523 1656; x_wconf 89' lang='lat' dir='ltr'><strong>Eodem</strong></span> <span class='ocrx_word' id='word_1_123' title='bbox 537 1594 666 1674; x_wconf 90' lang='lat' dir='ltr'><strong>partinet</strong></span> <span class='ocrx_word' id='word_1_124' title='bbox 685 1595 704 1658; x_wconf 88' lang='lat' dir='ltr'><strong>f.</strong></span> <span class='ocrx_word' id='word_1_125' title='bbox 721 1592 763 1655; x_wconf 81' lang='grc'><strong>67</strong></span> <span class='ocrx_word' id='word_1_126' title='bbox 778 1595 836 1671; x_wconf 85' lang='lat' dir='ltr'><strong>cit,</strong></span> <span class='ocrx_word' id='word_1_127' title='bbox 858 1611 934 1673; x_wconf 90' lang='lat' dir='ltr'><strong>quae</strong></span> <span class='ocrx_word' id='word_1_128' title='bbox 955 1593 1074 1654; x_wconf 78' lang='lat' dir='ltr'><strong>videtete</strong></span> <span class='ocrx_word' id='word_1_129' title='bbox 1093 1593 1221 1672; x_wconf 86' lang='lat' dir='ltr'><strong>quidem</strong></span> <span class='ocrx_word' id='word_1_130' title='bbox 1234 1613 1312 1675; x_wconf 91' lang='lat' dir='ltr'><strong>pro-</strong></span> 
     </span>
     <span class='ocr_line' id='line_1_16' title="bbox 168 1679 1311 1760; baseline 0.003 -19"><span class='ocrx_word' id='word_1_131' title='bbox 168 1679 255 1757; x_wconf 84' lang='lat' dir='ltr'><strong>bsre,</strong></span> <span class='ocrx_word' id='word_1_132' title='bbox 276 1679 429 1760; x_wconf 83' lang='lat' dir='ltr'><strong>perictioni</strong></span> <span class='ocrx_word' id='word_1_133' title='bbox 452 1697 542 1760; x_wconf 89' lang='lat' dir='ltr'><strong>posse</strong></span> <span class='ocrx_word' id='word_1_134' title='bbox 565 1681 771 1760; x_wconf 75' lang='lat' dir='ltr'><strong>exceptionem</strong></span> <span class='ocrx_word' id='word_1_135' title='bbox 788 1679 832 1742; x_wconf 89' lang='lat' dir='ltr'><strong>de</strong></span> <span class='ocrx_word' id='word_1_136' title='bbox 858 1697 919 1742; x_wconf 90' lang='lat' dir='ltr'><strong>non</strong></span> <span class='ocrx_word' id='word_1_137' title='bbox 940 1685 1090 1742; x_wconf 78' lang='lat' dir='ltr'><strong>numerata</strong></span> <span class='ocrx_word' id='word_1_138' title='bbox 1104 1681 1228 1760; x_wconf 83' lang='lat' dir='ltr'><strong>pecepiu</strong></span> <span class='ocrx_word' id='word_1_139' title='bbox 1251 1681 1311 1744; x_wconf 61' lang='lat' dir='ltr'><strong>oba</strong></span> 
     </span>
     <span class='ocr_line' id='line_1_17' title="bbox 171 1763 1311 1847; baseline 0.004 -21"><span class='ocrx_word' id='word_1_140' title='bbox 171 1765 240 1846; x_wconf 69' lang='lat' dir='ltr'><strong>jeci,</strong></span> <span class='ocrx_word' id='word_1_141' title='bbox 268 1765 305 1826; x_wconf 92' lang='lat' dir='ltr'><strong>de</strong></span> <span class='ocrx_word' id='word_1_142' title='bbox 328 1765 451 1826; x_wconf 83' lang='lat' dir='ltr'><strong>indebiti</strong></span> <span class='ocrx_word' id='word_1_143' title='bbox 474 1773 568 1826; x_wconf 89' lang='lat' dir='ltr'><strong>tameo</strong></span> <span class='ocrx_word' id='word_1_144' title='bbox 593 1765 780 1828; x_wconf 88' lang='lat' dir='ltr'><strong>condictione</strong></span> <span class='ocrx_word' id='word_1_145' title='bbox 802 1783 836 1828; x_wconf 89' lang='lat' dir='ltr'><strong>re</strong></span> <span class='ocrx_word' id='word_1_146' title='bbox 858 1784 929 1827; x_wconf 90' lang='lat' dir='ltr'><strong>vcra</strong></span> <span class='ocrx_word' id='word_1_147' title='bbox 952 1763 1071 1828; x_wconf 82' lang='lat' dir='ltr'><strong>disserit</strong></span> <span class='ocrx_word' id='word_1_148' title='bbox 1091 1767 1311 1847; x_wconf 63' lang='lat' dir='ltr'><strong>eamque‘dip&#39;it</strong></span> 
     </span>
     <span class='ocr_line' id='line_1_18' title="bbox 169 1851 1311 1932; baseline 0.002 -16"><span class='ocrx_word' id='word_1_149' title='bbox 169 1856 341 1928; x_wconf 81' lang='lat' dir='ltr'><strong>competere</strong></span> <span class='ocrx_word' id='word_1_150' title='bbox 364 1857 467 1912; x_wconf 83' lang='lat' dir='ltr'><strong>contro</strong></span> <span class='ocrx_word' id='word_1_151' title='bbox 488 1851 680 1931; x_wconf 79' lang='lat' dir='ltr'><strong>perictionem</strong></span> <span class='ocrx_word' id='word_1_152' title='bbox 702 1858 874 1932; x_wconf 77' lang='lat' dir='ltr'><strong>otpertum,</strong></span> <span class='ocrx_word' id='word_1_153' title='bbox 895 1851 1026 1932; x_wconf 84' lang='lat' dir='ltr'><strong>quodin</strong></span> <span class='ocrx_word' id='word_1_154' title='bbox 1047 1870 1083 1914; x_wconf 85' lang='lat' dir='ltr'><strong>ee</strong></span> <span class='ocrx_word' id='word_1_155' title='bbox 1104 1851 1232 1918; x_wconf 73' lang='lat' dir='ltr'><strong>adscribi</strong></span> <span class='ocrx_word' id='word_1_156' title='bbox 1254 1872 1311 1918; x_wconf 90' lang='lat' dir='ltr'><strong>so-</strong></span> 
     </span>
     <span class='ocr_line' id='line_1_19' title="bbox 171 1935 1311 2018; baseline 0.004 -19"><span class='ocrx_word' id='word_1_157' title='bbox 171 1935 231 1999; x_wconf 89' lang='lat' dir='ltr'><strong>leat</strong></span> <span class='ocrx_word' id='word_1_158' title='bbox 255 1952 315 2013; x_wconf 80' lang='lat' dir='ltr'><strong>„ex</strong></span> <span class='ocrx_word' id='word_1_159' title='bbox 336 1935 393 1998; x_wconf 92' lang='lat' dir='ltr'><strong>hoc</strong></span> <span class='ocrx_word' id='word_1_160' title='bbox 415 1943 565 1999; x_wconf 86' lang='lat' dir='ltr'><strong>contractu</strong></span> <span class='ocrx_word' id='word_1_161' title='bbox 588 1937 695 1998; x_wconf 80' lang='lat' dir='ltr'><strong>nullam</strong></span> <span class='ocrx_word' id='word_1_162' title='bbox 718 1935 839 2018; x_wconf 86' lang='lat' dir='ltr'><strong>amplius</strong></span> <span class='ocrx_word' id='word_1_163' title='bbox 862 1940 938 2002; x_wconf 88' lang='lat' dir='ltr'><strong>inter</strong></span> <span class='ocrx_word' id='word_1_164' title='bbox 959 1955 993 2002; x_wconf 90' lang='lat' dir='ltr'><strong>se</strong></span> <span class='ocrx_word' id='word_1_165' title='bbox 1008 1941 1240 2002; x_wconf 86' lang='lat' dir='ltr'><strong>controuersiam</strong></span> <span class='ocrx_word' id='word_1_166' title='bbox 1254 1947 1311 2004; x_wconf 82' lang='lat' dir='ltr'><strong>es·-</strong></span> 
     </span>
     <span class='ocr_line' id='line_1_20' title="bbox 170 2019 1310 2105; baseline 0.001 -18"><span class='ocrx_word' id='word_1_167' title='bbox 170 2019 247 2095; x_wconf 81' lang='lat' dir='ltr'><strong>se“;</strong></span> <span class='ocrx_word' id='word_1_168' title='bbox 268 2033 334 2099; x_wconf 88' lang='lat' dir='ltr'><strong>quo</strong></span> <span class='ocrx_word' id='word_1_169' title='bbox 350 2021 414 2101; x_wconf 89' lang='lat' dir='ltr'><strong>ipso</strong></span> <span class='ocrx_word' id='word_1_170' title='bbox 436 2021 620 2089; x_wconf 85' lang='lat' dir='ltr'><strong>adscribendi</strong></span> <span class='ocrx_word' id='word_1_171' title='bbox 641 2025 718 2103; x_wconf 84' lang='lat' dir='ltr'><strong>pacti</strong></span> <span class='ocrx_word' id='word_1_172' title='bbox 741 2040 824 2086; x_wconf 89' lang='lat' dir='ltr'><strong>more</strong></span> <span class='ocrx_word' id='word_1_173' title='bbox 847 2031 1027 2090; x_wconf 76' lang='lat' dir='ltr'><strong>transactum</strong></span> <span class='ocrx_word' id='word_1_174' title='bbox 1047 2025 1218 2105; x_wconf 78' lang='lat' dir='ltr'><strong>perfetione.</strong></span> <span class='ocrx_word' id='word_1_175' title='bbox 1233 2044 1310 2088; x_wconf 91' lang='lat' dir='ltr'><strong>con-</strong></span> 
     </span>
     <span class='ocr_line' id='line_1_21' title="bbox 169 2103 1311 2188; baseline 0.003 -16"><span class='ocrx_word' id='word_1_176' title='bbox 169 2107 258 2172; x_wconf 83' lang='lat' dir='ltr'><strong>tincti</strong></span> <span class='ocrx_word' id='word_1_177' title='bbox 272 2103 406 2172; x_wconf 85' lang='lat' dir='ltr'><strong>efficitur.</strong></span> <span class='ocrx_word' id='word_1_178' title='bbox 439 2106 561 2170; x_wconf 86' lang='lat' dir='ltr'><strong>indebiti</strong></span> <span class='ocrx_word' id='word_1_179' title='bbox 576 2109 653 2173; x_wconf 89' lang='lat' dir='ltr'><strong>euim</strong></span> <span class='ocrx_word' id='word_1_180' title='bbox 677 2109 824 2174; x_wconf 89' lang='lat' dir='ltr'><strong>condictio</strong></span> <span class='ocrx_word' id='word_1_181' title='bbox 847 2127 952 2172; x_wconf 78' lang='lat' dir='ltr'><strong>errore</strong></span> <span class='ocrx_word' id='word_1_182' title='bbox 973 2110 1081 2188; x_wconf 80' lang='lat' dir='ltr'><strong>nititur,</strong></span> <span class='ocrx_word' id='word_1_183' title='bbox 1105 2127 1192 2176; x_wconf 89' lang='lat' dir='ltr'><strong>error</strong></span> <span class='ocrx_word' id='word_1_184' title='bbox 1213 2120 1311 2176; x_wconf 88' lang='lat' dir='ltr'><strong>autem</strong></span> 
     </span>
     <span class='ocr_line' id='line_1_22' title="bbox 165 2192 1309 2278; baseline 0.003 -22"><span class='ocrx_word' id='word_1_185' title='bbox 165 2195 245 2276; x_wconf 84' lang='lat' dir='ltr'><strong>justa</strong></span> <span class='ocrx_word' id='word_1_186' title='bbox 267 2192 298 2258; x_wconf 91' lang='lat' dir='ltr'><strong>in</strong></span> <span class='ocrx_word' id='word_1_187' title='bbox 318 2193 464 2274; x_wconf 84' lang='lat' dir='ltr'><strong>integrum</strong></span> <span class='ocrx_word' id='word_1_188' title='bbox 475 2196 679 2264; x_wconf 69' lang='lat' dir='ltr'><strong>restitutionis</strong></span> <span class='ocrx_word' id='word_1_189' title='bbox 695 2215 783 2259; x_wconf 82' lang='lat' dir='ltr'><strong>ceusu</strong></span> <span class='ocrx_word' id='word_1_190' title='bbox 807 2203 863 2258; x_wconf 89' lang='lat' dir='ltr'><strong>est.</strong></span> <span class='ocrx_word' id='word_1_191' title='bbox 896 2196 947 2261; x_wconf 89' lang='lat' dir='ltr'><strong>Sin</strong></span> <span class='ocrx_word' id='word_1_192' title='bbox 967 2199 1152 2278; x_wconf 81' lang='lat' dir='ltr'><strong>argentarias</strong></span> <span class='ocrx_word' id='word_1_193' title='bbox 1169 2215 1230 2261; x_wconf 91' lang='lat' dir='ltr'><strong>non</strong></span> <span class='ocrx_word' id='word_1_194' title='bbox 1252 2199 1309 2260; x_wconf 90' lang='lat' dir='ltr'><strong>do·</strong></span> 
     </span>
     <span class='ocr_line' id='line_1_23' title="bbox 169 2279 1309 2364; baseline 0.005 -22"><span class='ocrx_word' id='word_1_195' title='bbox 169 2279 318 2360; x_wconf 75' lang='lat' dir='ltr'><strong>posituri,</strong></span> <span class='ocrx_word' id='word_1_196' title='bbox 334 2279 403 2343; x_wconf 60' lang='lat' dir='ltr'><strong>vsed</strong></span> <span class='ocrx_word' id='word_1_197' title='bbox 424 2281 620 2344; x_wconf 87' lang='lat' dir='ltr'><strong>foeneratoris</strong></span> <span class='ocrx_word' id='word_1_198' title='bbox 643 2301 765 2348; x_wconf 88' lang='lat' dir='ltr'><strong>ruunare</strong></span> <span class='ocrx_word' id='word_1_199' title='bbox 787 2281 913 2362; x_wconf 74' lang='lat' dir='ltr'><strong>fundus</strong></span> <span class='ocrx_word' id='word_1_200' title='bbox 935 2289 1018 2360; x_wconf 87' lang='lat' dir='ltr'><strong>crat,</strong></span> <span class='ocrx_word' id='word_1_201' title='bbox 1046 2283 1124 2360; x_wconf 85' lang='lat' dir='ltr'><strong>after</strong></span> <span class='ocrx_word' id='word_1_202' title='bbox 1147 2285 1309 2364; x_wconf 81' lang='lat' dir='ltr'><strong>perfetione</strong></span> 
     </span>
     <span class='ocr_line' id='line_1_24' title="bbox 169 2365 1308 2452; baseline 0.005 -24"><span class='ocrx_word' id='word_1_203' title='bbox 169 2365 270 2431; x_wconf 86' lang='lat' dir='ltr'><strong>debito</strong></span> <span class='ocrx_word' id='word_1_204' title='bbox 282 2383 316 2428; x_wconf 90' lang='lat' dir='ltr'><strong>se</strong></span> <span class='ocrx_word' id='word_1_205' title='bbox 331 2367 496 2438; x_wconf 81' lang='lat' dir='ltr'><strong>restituisse</strong></span> <span class='ocrx_word' id='word_1_206' title='bbox 511 2368 661 2448; x_wconf 80' lang='lat' dir='ltr'><strong>probabat.</strong></span> <span class='ocrx_word' id='word_1_207' title='bbox 694 2370 765 2430; x_wconf 90' lang='lat' dir='ltr'><strong>Post</strong></span> <span class='ocrx_word' id='word_1_208' title='bbox 783 2369 857 2430; x_wconf 85' lang='lat' dir='ltr'><strong>hanc</strong></span> <span class='ocrx_word' id='word_1_209' title='bbox 879 2369 971 2449; x_wconf 73' lang='lat' dir='ltr'><strong>igitur</strong></span> <span class='ocrx_word' id='word_1_210' title='bbox 990 2370 1308 2452; x_wconf 79' lang='lat' dir='ltr'><strong>perictionemargen-</strong></span> 
     </span>
     <span class='ocr_line' id='line_1_25' title="bbox 170 2449 1327 2538; baseline 0.004 -25"><span class='ocrx_word' id='word_1_211' title='bbox 170 2452 244 2514; x_wconf 92' lang='lat' dir='ltr'><strong>tam&#39;a</strong></span> <span class='ocrx_word' id='word_1_212' title='bbox 266 2449 434 2516; x_wconf 72' lang='lat' dir='ltr'><strong>ratio‘nihif</strong></span> <span class='ocrx_word' id='word_1_213' title='bbox 461 2461 567 2518; x_wconf 87' lang='lat' dir='ltr'><strong>contra</strong></span> <span class='ocrx_word' id='word_1_214' title='bbox 590 2473 656 2516; x_wconf 93' lang='lat' dir='ltr'><strong>eum</strong></span> <span class='ocrx_word' id='word_1_215' title='bbox 686 2455 827 2535; x_wconf 77' lang='lat' dir='ltr'><strong>probabat</strong></span> <span class='ocrx_word' id='word_1_216' title='bbox 851 2451 939 2535; x_wconf 83' lang='lat' dir='ltr'><strong>(Son.</strong></span> <span class='ocrx_word' id='word_1_217' title='bbox 964 2453 1002 2516; x_wconf 91' lang='lat' dir='ltr'><strong>de</strong></span> <span class='ocrx_word' id='word_1_218' title='bbox 1023 2456 1090 2518; x_wconf 86' lang='lat' dir='ltr'><strong>ben.</strong></span> <span class='ocrx_word' id='word_1_219' title='bbox 1113 2453 1180 2538; x_wconf 83' lang='lat' dir='ltr'><strong>tr).</strong></span> <span class='ocrx_word' id='word_1_220' title='bbox 1225 2455 1327 2531; x_wconf 45' lang='lat' dir='ltr'><strong>Unde,</strong></span> 
     </span>
     <span class='ocr_line' id='line_1_26' title="bbox 172 2537 1307 2620; baseline 0.004 -23"><span class='ocrx_word' id='word_1_221' title='bbox 172 2554 294 2616; x_wconf 67' lang='lat' dir='ltr'><strong>„parem</strong></span> <span class='ocrx_word' id='word_1_222' title='bbox 316 2537 459 2600; x_wconf 86' lang='lat' dir='ltr'><strong>rationem</strong></span> <span class='ocrx_word' id='word_1_223' title='bbox 478 2540 581 2602; x_wconf 87' lang='lat' dir='ltr'><strong>fucere</strong></span> <span class='ocrx_word' id='word_1_224' title='bbox 603 2558 669 2600; x_wconf 88' lang='lat' dir='ltr'><strong>cum·</strong></span> <span class='ocrx_word' id='word_1_225' title='bbox 690 2541 789 2620; x_wconf 87' lang='lat' dir='ltr'><strong>efiquo</strong></span> <span class='ocrx_word' id='word_1_226' title='bbox 817 2540 913 2618; x_wconf 87' lang='lat' dir='ltr'><strong>aliquo</strong></span> <span class='ocrx_word' id='word_1_227' title='bbox 935 2539 988 2602; x_wconf 80' lang='lat' dir='ltr'><strong>re“</strong></span> <span class='ocrx_word' id='word_1_228' title='bbox 1013 2539 1089 2620; x_wconf 90' lang='lat' dir='ltr'><strong>apud</strong></span> <span class='ocrx_word' id='word_1_229' title='bbox 1111 2541 1254 2606; x_wconf 84' lang='lat' dir='ltr'><strong>Senecam</strong></span> <span class='ocrx_word' id='word_1_230' title='bbox 1277 2543 1307 2603; x_wconf 92' lang='lat' dir='ltr'><strong>in</strong></span> 
     </span>
     <span class='ocr_line' id='line_1_27' title="bbox 168 2619 1305 2772; baseline 0.009 -90"><span class='ocrx_word' id='word_1_231' title='bbox 168 2619 313 2772; x_wconf 52' lang='lat' dir='ltr'><strong>ftpmdl&#39;t</strong></span> <span class='ocrx_word' id='word_1_232' title='bbox 324 2621 362 2684; x_wconf 85' lang='lat'><strong>19</strong></span> <span class='ocrx_word' id='word_1_233' title='bbox 384 2629 493 2700; x_wconf 81' lang='lat' dir='ltr'><strong>exstat,</strong></span> <span class='ocrx_word' id='word_1_234' title='bbox 512 2641 606 2702; x_wconf 92' lang='lat' dir='ltr'><strong>quum</strong></span> <span class='ocrx_word' id='word_1_235' title='bbox 627 2624 734 2705; x_wconf 81' lang='lat' dir='ltr'><strong>aliquid</strong></span> <span class='ocrx_word' id='word_1_236' title='bbox 756 2643 809 2705; x_wconf 88' lang='lat' dir='ltr'><strong>pro</strong></span> <span class='ocrx_word' id='word_1_237' title='bbox 833 2625 950 2690; x_wconf 88' lang='lat' dir='ltr'><strong>licentia</strong></span> <span class='ocrx_word' id='word_1_238' title='bbox 965 2627 1097 2706; x_wconf 82' lang='lat' dir='ltr'><strong>pariendi</strong></span> <span class='ocrx_word' id='word_1_239' title='bbox 1119 2627 1164 2692; x_wconf 90' lang='lat' dir='ltr'><strong>bis</strong></span> <span class='ocrx_word' id='word_1_240' title='bbox 1187 2626 1305 2692; x_wconf 89' lang='lat' dir='ltr'><strong>casibus</strong></span> 
     </span>
     <span class='ocr_line' id='line_1_28' title="bbox 192 2707 1300 2770; baseline 0.003 0"><span class='ocrx_word' id='word_1_241' title='bbox 192 2707 250 2770; x_wconf 88' lang='lat' dir='ltr'><strong>ari·</strong></span> <span class='ocrx_word' id='word_1_242' title='bbox 276 2725 293 2770; x_wconf 89' lang='lat' dir='ltr'><strong>e</strong></span> <span class='ocrx_word' id='word_1_243' title='bbox 316 2714 371 2770; x_wconf 88' lang='lat' dir='ltr'><strong>eat.</strong></span> <span class='ocrx_word' id='word_1_244' title='bbox 919 2749 924 2757; x_wconf 90' lang='lat'><em>-</em></span> <span class='ocrx_word' id='word_1_245' title='bbox 1295 2745 1300 2770; x_wconf 30' lang='lat' dir='ltr'><strong>s·</strong></span> 
     </span>
     <span class='ocr_line' id='line_1_29' title="bbox 169 2793 1307 2882; baseline 0.008 -30"><span class='ocrx_word' id='word_1_246' title='bbox 169 2845 175 2852; x_wconf 91' lang='lat'>.</span> <span class='ocrx_word' id='word_1_247' title='bbox 257 2793 340 2855; x_wconf 85' lang='lat' dir='ltr'><strong>Duae</strong></span> <span class='ocrx_word' id='word_1_248' title='bbox 368 2793 458 2874; x_wconf 76' lang='lat' dir='ltr'><strong>igitur</strong></span> <span class='ocrx_word' id='word_1_249' title='bbox 487 2801 585 2874; x_wconf 86' lang='lat' dir='ltr'><strong>portes</strong></span> <span class='ocrx_word' id='word_1_250' title='bbox 615 2795 830 2861; x_wconf 85' lang='lat' dir='ltr'><strong>reddendarum</strong></span> <span class='ocrx_word' id='word_1_251' title='bbox 859 2799 1006 2882; x_wconf 80' lang='lat' dir='ltr'><strong>rationum</strong></span> <span class='ocrx_word' id='word_1_252' title='bbox 1028 2808 1121 2864; x_wconf 86' lang='lat' dir='ltr'><strong>sunt:</strong></span> <span class='ocrx_word' id='word_1_253' title='bbox 1158 2801 1307 2879; x_wconf 85' lang='lat' dir='ltr'><strong>„rationes</strong></span> 
     </span>
     <span class='ocr_line' id='line_1_30' title="bbox 170 2875 1307 2958; baseline 0.007 -20"><span class='ocrx_word' id='word_1_254' title='bbox 170 2875 370 2956; x_wconf 79' lang='lat' dir='ltr'><strong>ordinandae,</strong></span> <span class='ocrx_word' id='word_1_255' title='bbox 399 2879 542 2958; x_wconf 86' lang='lat' dir='ltr'><strong>reliquum</strong></span> <span class='ocrx_word' id='word_1_256' title='bbox 573 2881 794 2948; x_wconf 61' lang='lat' dir='ltr'><strong>reddendum:</strong></span> <span class='ocrx_word' id='word_1_257' title='bbox 824 2883 843 2946; x_wconf 92' lang='lat' dir='ltr'><strong>f.</strong></span> <span class='ocrx_word' id='word_1_258' title='bbox 866 2884 904 2946; x_wconf 83' lang='lat'><strong>21</strong></span> <span class='ocrx_word' id='word_1_259' title='bbox 939 2883 976 2946; x_wconf 90' lang='lat' dir='ltr'><strong>de</strong></span> <span class='ocrx_word' id='word_1_260' title='bbox 998 2885 1126 2948; x_wconf 82' lang='lat' dir='ltr'><strong>statulib.</strong></span> <span class='ocrx_word' id='word_1_261' title='bbox 1155 2887 1174 2947; x_wconf 63' lang='lat' dir='ltr'><strong>fr</strong></span> <span class='ocrx_word' id='word_1_262' title='bbox 1197 2886 1245 2949; x_wconf 77' lang='lat'><strong>82-</strong></span> <span class='ocrx_word' id='word_1_263' title='bbox 1267 2885 1307 2948; x_wconf 91' lang='lat' dir='ltr'><strong>de</strong></span> 
     </span>
     <span class='ocr_line' id='line_1_31' title="bbox 170 2962 1307 3053; baseline 0.005 -25"><span class='ocrx_word' id='word_1_264' title='bbox 170 2963 284 3028; x_wconf 83' lang='lat' dir='ltr'><strong>condic.</strong></span> <span class='ocrx_word' id='word_1_265' title='bbox 314 2962 396 3026; x_wconf 33' lang='lat' dir='ltr'><strong>„litae</strong></span> <span class='ocrx_word' id='word_1_266' title='bbox 418 2966 446 3027; x_wconf 90' lang='lat' dir='ltr'><strong>in</strong></span> <span class='ocrx_word' id='word_1_267' title='bbox 467 2967 550 3044; x_wconf 79' lang='lat' dir='ltr'><strong>fecto</strong></span> <span class='ocrx_word' id='word_1_268' title='bbox 574 2969 755 3044; x_wconf 87' lang='lat' dir='ltr'><strong>consistunt,</strong></span> <span class='ocrx_word' id='word_1_269' title='bbox 786 2970 843 3032; x_wconf 87' lang='lat' dir='ltr'><strong>boc</strong></span> <span class='ocrx_word' id='word_1_270' title='bbox 865 2971 895 3032; x_wconf 87' lang='lat' dir='ltr'><strong>in</strong></span> <span class='ocrx_word' id='word_1_271' title='bbox 916 2971 1039 3034; x_wconf 78' lang='lat' dir='ltr'><strong>datione</strong></span> <span class='ocrx_word' id='word_1_272' title='bbox 1060 2968 1111 3052; x_wconf 82' lang='lat' dir='ltr'><strong>(iu</strong></span> <span class='ocrx_word' id='word_1_273' title='bbox 1132 2971 1307 3053; x_wconf 85' lang='lat' dir='ltr'><strong>reponendo</strong></span> 
     </span>
     <span class='ocr_line' id='line_1_32' title="bbox 170 3046 1305 3136; baseline 0.006 -25"><span class='ocrx_word' id='word_1_274' title='bbox 170 3057 201 3112; x_wconf 91' lang='lat' dir='ltr'><strong>et</strong></span> <span class='ocrx_word' id='word_1_275' title='bbox 229 3046 431 3133; x_wconf 84' lang='lat' dir='ltr'><strong>restituendo)</strong></span> <span class='ocrx_word' id='word_1_276' title='bbox 463 3053 587 3118; x_wconf 81' lang='lat' dir='ltr'><strong>exsistit.</strong></span> <span class='ocrx_word' id='word_1_277' title='bbox 617 3053 707 3121; x_wconf 71' lang='lat' dir='ltr'><strong>,Nom</strong></span> <span class='ocrx_word' id='word_1_278' title='bbox 737 3056 905 3135; x_wconf 82' lang='lat' dir='ltr'><strong>priusquam</strong></span> <span class='ocrx_word' id='word_1_279' title='bbox 934 3057 1082 3136; x_wconf 84' lang='lat' dir='ltr'><strong>refiquum</strong></span> <span class='ocrx_word' id='word_1_280' title='bbox 1113 3057 1305 3121; x_wconf 78' lang='lat' dir='ltr'><strong>reddiderimus</strong></span> 
     </span>
    </p>
   </div>
   <div class='ocr_carea' id='block_1_3' title="bbox 169 3137 1420 3222">
    <p class='ocr_par' dir='ltr' id='par_1_3' title="bbox 169 3137 1420 3222">
     <span class='ocr_line' id='line_1_33' title="bbox 169 3137 1420 3222; baseline 0.005 -24"><span class='ocrx_word' id='word_1_281' title='bbox 169 3137 326 3218; x_wconf 78' lang='lat' dir='ltr'><strong>reliquos,</strong></span> <span class='ocrx_word' id='word_1_282' title='bbox 356 3137 374 3202; x_wconf 91' lang='lat' dir='ltr'><strong>i.</strong></span> <span class='ocrx_word' id='word_1_283' title='bbox 398 3156 424 3200; x_wconf 88' lang='lat' dir='ltr'><strong>e.</strong></span> <span class='ocrx_word' id='word_1_284' title='bbox 447 3155 507 3214; x_wconf 86' lang='lat' dir='ltr'><strong>non</strong></span> <span class='ocrx_word' id='word_1_285' title='bbox 536 3141 667 3217; x_wconf 85' lang='lat' dir='ltr'><strong>restitui,</strong></span> <span class='ocrx_word' id='word_1_286' title='bbox 694 3140 776 3222; x_wconf 91' lang='lat' dir='ltr'><strong>quod</strong></span> <span class='ocrx_word' id='word_1_287' title='bbox 807 3151 838 3204; x_wconf 94' lang='lat' dir='ltr'><strong>ut</strong></span> <span class='ocrx_word' id='word_1_288' title='bbox 860 3143 1010 3204; x_wconf 84' lang='lat' dir='ltr'><strong>solverem</strong></span> <span class='ocrx_word' id='word_1_289' title='bbox 1037 3143 1205 3208; x_wconf 83' lang='lat' dir='ltr'><strong>obstrictus.</strong></span> <span class='ocrx_word' id='word_1_290' title='bbox 1225 3147 1305 3208; x_wconf 82' lang='lat' dir='ltr'><strong>sum:</strong></span> <span class='ocrx_word' id='word_1_291' title='bbox 1419 3185 1420 3204; x_wconf 46' lang='lat' dir='ltr'><strong>r</strong></span> 
     </span>
    </p>
   </div>
   <div class='ocr_carea' id='block_1_4' title="bbox 50 3220 1420 3308">
    <p class='ocr_par' dir='ltr' id='par_1_4' title="bbox 50 3220 1420 3308">
     <span class='ocr_line' id='line_1_34' title="bbox 50 3220 1420 3308; baseline 0.006 -23"><span class='ocrx_word' id='word_1_292' title='bbox 50 3257 52 3262; x_wconf 69' lang='lat'>‚</span> <span class='ocrx_word' id='word_1_293' title='bbox 168 3220 189 3286; x_wconf 91' lang='lat' dir='ltr'><strong>l.</strong></span> <span class='ocrx_word' id='word_1_294' title='bbox 211 3222 254 3288; x_wconf 89' lang='grc'><strong>40</strong></span> <span class='ocrx_word' id='word_1_295' title='bbox 276 3242 320 3304; x_wconf 84' lang='lat' dir='ltr'><strong>pr.</strong></span> <span class='ocrx_word' id='word_1_296' title='bbox 343 3223 381 3286; x_wconf 82' lang='lat' dir='ltr'><strong>de</strong></span> <span class='ocrx_word' id='word_1_297' title='bbox 400 3225 526 3290; x_wconf 85' lang='lat' dir='ltr'><strong>statulib.</strong></span> <span class='ocrx_word' id='word_1_298' title='bbox 562 3225 817 3290; x_wconf 49' lang='lat' dir='ltr'><strong>Ordinatis‘ctiam</strong></span> <span class='ocrx_word' id='word_1_299' title='bbox 838 3229 1008 3295; x_wconf 86' lang='lat' dir='ltr'><strong>rationibus·</strong></span> <span class='ocrx_word' id='word_1_300' title='bbox 1024 3229 1197 3300; x_wconf 82' lang='lat' dir='ltr'><strong>exhibendis</strong></span> <span class='ocrx_word' id='word_1_301' title='bbox 1217 3232 1307 3308; x_wconf 75' lang='lat' dir='ltr'><strong>inest,</strong></span> <span class='ocrx_word' id='word_1_302' title='bbox 1419 3277 1420 3280; x_wconf 17' lang='grc' dir='ltr'>η</span> 
     </span>
    </p>
   </div>
   <div class='ocr_carea' id='block_1_5' title="bbox 168 3310 1306 3395">
    <p class='ocr_par' dir='ltr' id='par_1_5' title="bbox 168 3310 1306 3395">
     <span class='ocr_line' id='line_1_35' title="bbox 168 3310 1306 3395; baseline 0.007 -25"><span class='ocrx_word' id='word_1_303' title='bbox 168 3315 203 3370; x_wconf 90' lang='lat' dir='ltr'><strong>ut</strong></span> <span class='ocrx_word' id='word_1_304' title='bbox 231 3310 384 3372; x_wconf 83' lang='lat' dir='ltr'><strong>coctiones</strong></span> <span class='ocrx_word' id='word_1_305' title='bbox 413 3311 663 3391; x_wconf 86' lang='lat' dir='ltr'><strong>instrumentaque</strong></span> <span class='ocrx_word' id='word_1_306' title='bbox 693 3315 788 3374; x_wconf 85' lang='lat' dir='ltr'><strong>omma</strong></span> <span class='ocrx_word' id='word_1_307' title='bbox 817 3320 901 3386; x_wconf 90' lang='lat' dir='ltr'><strong>actus</strong></span> <span class='ocrx_word' id='word_1_308' title='bbox 917 3315 976 3384; x_wconf 14' lang='lat' dir='ltr'><strong>[sui</strong></span> <span class='ocrx_word' id='word_1_309' title='bbox 1006 3317 1193 3395; x_wconf 83' lang='lat' dir='ltr'><strong>argentarius</strong></span> <span class='ocrx_word' id='word_1_310' title='bbox 1222 3314 1306 3394; x_wconf 83' lang='lat' dir='ltr'><strong>edat:</strong></span> 
     </span>
    </p>
   </div>
   <div class='ocr_carea' id='block_1_6' title="bbox 167 3381 1420 3476">
    <p class='ocr_par' dir='ltr' id='par_1_6' title="bbox 167 3381 1420 3476">
     <span class='ocr_line' id='line_1_36' title="bbox 167 3381 1420 3476; baseline 0.008 -22"><span class='ocrx_word' id='word_1_311' title='bbox 167 3381 188 3454; x_wconf 80' lang='lat' dir='ltr'><strong>l.</strong></span> <span class='ocrx_word' id='word_1_312' title='bbox 203 3390 245 3456; x_wconf 72' lang='lat'><strong>82</strong></span> <span class='ocrx_word' id='word_1_313' title='bbox 260 3396 308 3457; x_wconf 85' lang='lat' dir='ltr'><strong>cit.</strong></span> <span class='ocrx_word' id='word_1_314' title='bbox 343 3395 441 3466; x_wconf 81' lang='lat' dir='ltr'><strong>Quare</strong></span> <span class='ocrx_word' id='word_1_315' title='bbox 457 3395 598 3474; x_wconf 88' lang='lat' dir='ltr'><strong>quasdam</strong></span> <span class='ocrx_word' id='word_1_316' title='bbox 614 3415 747 3471; x_wconf 79' lang='lat' dir='ltr'><strong>sumimus</strong></span> <span class='ocrx_word' id='word_1_317' title='bbox 759 3397 917 3462; x_wconf 88' lang='lat' dir='ltr'><strong>rationibus</strong></span> <span class='ocrx_word' id='word_1_318' title='bbox 933 3416 1003 3460; x_wconf 72' lang='lat' dir='ltr'><strong>noa·</strong></span> <span class='ocrx_word' id='word_1_319' title='bbox 1016 3400 1174 3465; x_wconf 87' lang='lat' dir='ltr'><strong>inferendo</strong></span> <span class='ocrx_word' id='word_1_320' title='bbox 1196 3400 1305 3464; x_wconf 88' lang='lat' dir='ltr'><strong>furtum</strong></span> <span class='ocrx_word' id='word_1_321' title='bbox 1419 3437 1420 3476; x_wconf 57' lang='grc' dir='ltr'><strong>ς</strong></span> 
     </span>
    </p>
   </div>
   <div class='ocr_carea' id='block_1_7' title="bbox 167 3475 1318 4006">
    <p class='ocr_par' dir='ltr' id='par_1_7' title="bbox 167 3475 1318 4006">
     <span class='ocr_line' id='line_1_37' title="bbox 168 3475 1306 3568; baseline 0.008 -29"><span class='ocrx_word' id='word_1_322' title='bbox 168 3476 219 3540; x_wconf 91' lang='lat' dir='ltr'><strong>ilfe</strong></span> <span class='ocrx_word' id='word_1_323' title='bbox 240 3475 489 3560; x_wconf 63' lang='lat' dir='ltr'><strong>admituntteb</strong></span> <span class='ocrx_word' id='word_1_324' title='bbox 513 3475 598 3562; x_wconf 78' lang='lat' dir='ltr'><strong>cit.]:</strong></span> <span class='ocrx_word' id='word_1_325' title='bbox 619 3501 671 3544; x_wconf 88' lang='lat' dir='ltr'><strong>aas</strong></span> <span class='ocrx_word' id='word_1_326' title='bbox 694 3483 770 3546; x_wconf 89' lang='lat' dir='ltr'><strong>euim</strong></span> <span class='ocrx_word' id='word_1_327' title='bbox 792 3485 849 3554; x_wconf 90' lang='lat' dir='ltr'><strong>sibi</strong></span> <span class='ocrx_word' id='word_1_328' title='bbox 870 3482 996 3547; x_wconf 87' lang='lat' dir='ltr'><strong>retinuit.</strong></span> <span class='ocrx_word' id='word_1_329' title='bbox 1030 3485 1078 3550; x_wconf 86' lang='lat' dir='ltr'><strong>Ex</strong></span> <span class='ocrx_word' id='word_1_330' title='bbox 1098 3477 1223 3552; x_wconf 86' lang='lat' dir='ltr'><strong>mixtura</strong></span> <span class='ocrx_word' id='word_1_331' title='bbox 1245 3488 1306 3568; x_wconf 52' lang='lat' dir='ltr'><strong>igis</strong></span> 
     </span>
     <span class='ocr_line' id='line_1_38' title="bbox 167 3562 1318 3651; baseline 0.007 -27"><span class='ocrx_word' id='word_1_332' title='bbox 167 3568 217 3624; x_wconf 89' lang='lat' dir='ltr'><strong>tur</strong></span> <span class='ocrx_word' id='word_1_333' title='bbox 247 3562 370 3642; x_wconf 86' lang='lat' dir='ltr'><strong>quadarn</strong></span> <span class='ocrx_word' id='word_1_334' title='bbox 401 3565 470 3630; x_wconf 85' lang='lat' dir='ltr'><strong>facti</strong></span> <span class='ocrx_word' id='word_1_335' title='bbox 500 3573 529 3628; x_wconf 90' lang='lat' dir='ltr'><strong>et</strong></span> <span class='ocrx_word' id='word_1_336' title='bbox 558 3567 683 3630; x_wconf 88' lang='lat' dir='ltr'><strong>dationis</strong></span> <span class='ocrx_word' id='word_1_337' title='bbox 712 3567 885 3638; x_wconf 81' lang='lat' dir='ltr'><strong>reddendae</strong></span> <span class='ocrx_word' id='word_1_338' title='bbox 918 3568 1131 3651; x_wconf 82' lang='lat' dir='ltr'><strong>componuntur</strong></span> <span class='ocrx_word' id='word_1_339' title='bbox 1159 3575 1318 3636; x_wconf 83' lang='lat' dir='ltr'><strong>rationes:-</strong></span> 
     </span>
     <span class='ocr_line' id='line_1_39' title="bbox 168 3648 1305 3738; baseline 0.013 -33"><span class='ocrx_word' id='word_1_340' title='bbox 168 3665 298 3727; x_wconf 76' lang='lat' dir='ltr'><strong>uaroque</strong></span> <span class='ocrx_word' id='word_1_341' title='bbox 321 3648 421 3728; x_wconf 87' lang='lat' dir='ltr'><strong>incipit</strong></span> <span class='ocrx_word' id='word_1_342' title='bbox 443 3651 559 3727; x_wconf 88' lang='lat' dir='ltr'><strong>quidem</strong></span> <span class='ocrx_word' id='word_1_343' title='bbox 582 3671 671 3736; x_wconf 80' lang='lat' dir='ltr'><strong>rese</strong></span> <span class='ocrx_word' id='word_1_344' title='bbox 694 3654 785 3731; x_wconf 86' lang='lat' dir='ltr'><strong>fecto,</strong></span> <span class='ocrx_word' id='word_1_345' title='bbox 807 3657 941 3734; x_wconf 84' lang='lat' dir='ltr'><strong>peruenit</strong></span> <span class='ocrx_word' id='word_1_346' title='bbox 963 3659 1121 3728; x_wconf 72' lang='lat' dir='ltr'><strong>eueniat</strong></span> <span class='ocrx_word' id='word_1_347' title='bbox 1136 3659 1305 3738; x_wconf 86' lang='lat' dir='ltr'><strong>pecuniam.</strong></span> 
     </span>
     <span class='ocr_line' id='line_1_40' title="bbox 168 3733 1305 3822; baseline 0.011 -27"><span class='ocrx_word' id='word_1_348' title='bbox 168 3787 172 3795; x_wconf 92' lang='lat'><em>.</em></span> <span class='ocrx_word' id='word_1_349' title='bbox 254 3733 426 3812; x_wconf 83' lang='lat' dir='ltr'><strong>Rationibus</strong></span> <span class='ocrx_word' id='word_1_350' title='bbox 450 3735 578 3816; x_wconf 64' lang='lat' dir='ltr'><strong>danque</strong></span> <span class='ocrx_word' id='word_1_351' title='bbox 590 3737 694 3800; x_wconf 82' lang='lat' dir='ltr'><strong>heredi</strong></span> <span class='ocrx_word' id='word_1_352' title='bbox 708 3739 866 3804; x_wconf 87' lang='lat' dir='ltr'><strong>reddendis</strong></span> <span class='ocrx_word' id='word_1_353' title='bbox 885 3761 938 3804; x_wconf 87' lang='lat' dir='ltr'><strong>res</strong></span> <span class='ocrx_word' id='word_1_354' title='bbox 954 3745 1040 3814; x_wconf 81' lang='lat' dir='ltr'><strong>etiam</strong></span> <span class='ocrx_word' id='word_1_355' title='bbox 1061 3745 1148 3811; x_wconf 88' lang='lat' dir='ltr'><strong>insita</strong></span> <span class='ocrx_word' id='word_1_356' title='bbox 1169 3751 1234 3822; x_wconf 69' lang='lat' dir='ltr'><strong>est,r</strong></span> <span class='ocrx_word' id='word_1_357' title='bbox 1247 3743 1305 3808; x_wconf 50' lang='lat' dir='ltr'><strong>tce</strong></span> 
     </span>
     <span class='ocr_line' id='line_1_41' title="bbox 167 3819 1306 3903; baseline 0.012 -23"><span class='ocrx_word' id='word_1_358' title='bbox 167 3819 251 3898; x_wconf 75' lang='lat' dir='ltr'><strong>mino</strong></span> <span class='ocrx_word' id='word_1_359' title='bbox 273 3822 459 3903; x_wconf 71' lang='lat' dir='ltr'><strong>negatorum</strong></span> <span class='ocrx_word' id='word_1_360' title='bbox 478 3840 536 3902; x_wconf 87' lang='lat' dir='ltr'><strong>per</strong></span> <span class='ocrx_word' id='word_1_361' title='bbox 558 3841 593 3886; x_wconf 90' lang='lat' dir='ltr'><strong>se</strong></span> <span class='ocrx_word' id='word_1_362' title='bbox 616 3825 828 3900; x_wconf 81' lang='lat' dir='ltr'><strong>nota,·scificet</strong></span> <span class='ocrx_word' id='word_1_363' title='bbox 849 3836 880 3891; x_wconf 91' lang='lat' dir='ltr'><strong>ut</strong></span> <span class='ocrx_word' id='word_1_364' title='bbox 902 3829 1012 3895; x_wconf 82' lang='lat' dir='ltr'><strong>notitia</strong></span> <span class='ocrx_word' id='word_1_365' title='bbox 1026 3831 1189 3894; x_wconf 86' lang='lat' dir='ltr'><strong>instruatur</strong></span> <span class='ocrx_word' id='word_1_366' title='bbox 1208 3831 1306 3895; x_wconf 83' lang='lat' dir='ltr'><strong>ratio-</strong></span> 
     </span>
     <span class='ocr_line' id='line_1_42' title="bbox 167 3907 1304 4006; baseline 0.005 -34"><span class='ocrx_word' id='word_1_367' title='bbox 167 3924 250 3988; x_wconf 62' lang='lat' dir='ltr'><strong>nump</strong></span> <span class='ocrx_word' id='word_1_368' title='bbox 270 3925 330 3989; x_wconf 94' lang='lat' dir='ltr'><strong>quo</strong></span> <span class='ocrx_word' id='word_1_369' title='bbox 352 3911 437 3988; x_wconf 81' lang='lat' dir='ltr'><strong>sciat,</strong></span> <span class='ocrx_word' id='word_1_370' title='bbox 461 3907 530 4006; x_wconf 69' lang='lat' dir='ltr'><strong>quid</strong></span> <span class='ocrx_word' id='word_1_371' title='bbox 552 3909 582 3972; x_wconf 89' lang='lat' dir='ltr'><strong>in</strong></span> <span class='ocrx_word' id='word_1_372' title='bbox 605 3927 724 3990; x_wconf 88' lang='lat' dir='ltr'><strong>quaque</strong></span> <span class='ocrx_word' id='word_1_373' title='bbox 746 3907 1024 3996; x_wconf 47' lang='lat' dir='ltr'><strong>rationeescr‘iptum</strong></span> <span class='ocrx_word' id='word_1_374' title='bbox 1044 3918 1099 3980; x_wconf 79' lang='lat' dir='ltr'><strong>site</strong></span> <span class='ocrx_word' id='word_1_375' title='bbox 1121 3916 1141 3978; x_wconf 85' lang='lat'><strong>1.</strong></span> <span class='ocrx_word' id='word_1_376' title='bbox 1161 3913 1204 4002; x_wconf 72' lang='lat'><strong>82</strong></span> <span class='ocrx_word' id='word_1_377' title='bbox 1226 3917 1276 3982; x_wconf 84' lang='lat' dir='ltr'><strong>eit.</strong></span> <span class='ocrx_word' id='word_1_378' title='bbox 1301 3971 1304 3978; x_wconf 79' lang='grc'>,</span> 
     </span>
    </p>
   </div>
   <div class='ocr_carea' id='block_1_8' title="bbox 169 4057 1224 4179">
    <p class='ocr_par' dir='ltr' id='par_1_8' title="bbox 169 4057 1224 4179">
     <span class='ocr_line' id='line_1_43' title="bbox 169 4057 1224 4179; baseline 0.011 -26"><span class='ocrx_word' id='word_1_379' title='bbox 169 4057 175 4148; x_wconf 26' lang='lat'><strong>⁵.</strong></span> <span class='ocrx_word' id='word_1_380' title='bbox 199 4061 231 4144; x_wconf 69' lang='grc' dir='ltr'><strong> </strong></span> <span class='ocrx_word' id='word_1_381' title='bbox 277 4059 279 4062; x_wconf 24' lang='lat'>¹</span> <span class='ocrx_word' id='word_1_382' title='bbox 360 4105 389 4168; x_wconf 67' lang='lat' dir='ltr'><strong>s.</strong></span> <span class='ocrx_word' id='word_1_383' title='bbox 411 4097 452 4156; x_wconf 83' lang='lat'><strong>17.</strong></span> <span class='ocrx_word' id='word_1_384' title='bbox 495 4101 538 4158; x_wconf 84' lang='lat' dir='ltr'><strong>De</strong></span> <span class='ocrx_word' id='word_1_385' title='bbox 561 4103 677 4160; x_wconf 82' lang='lat' dir='ltr'><strong>edendis</strong></span> <span class='ocrx_word' id='word_1_386' title='bbox 694 4107 926 4179; x_wconf 78' lang='lat' dir='ltr'><strong>-cepentorr&#39;otrrnt</strong></span> <span class='ocrx_word' id='word_1_387' title='bbox 944 4067 1109 4164; x_wconf 68' lang='lat' dir='ltr'><strong>rubonibus.</strong></span> <span class='ocrx_word' id='word_1_388' title='bbox 1136 4129 1150 4155; x_wconf 71' lang='grc' dir='ltr'>ι</span> <span class='ocrx_word' id='word_1_389' title='bbox 1222 4115 1224 4120; x_wconf 87' lang='grc'><strong>“</strong></span> 
     </span>
    </p>
   </div>
   <div class='ocr_carea' id='block_1_9' title="bbox 168 4222 1306 4441">
    <p class='ocr_par' dir='ltr' id='par_1_9' title="bbox 168 4219 1306 4441">
     <span class='ocr_line' id='line_1_44' title="bbox 250 4222 1305 4338; baseline 0.017 -28.661"><span class='ocrx_word' id='word_1_390' title='bbox 250 4245 315 4309; x_wconf 88' lang='lat' dir='ltr'><strong>Hae</strong></span> <span class='ocrx_word' id='word_1_391' title='bbox 337 4247 367 4310; x_wconf 90' lang='lat' dir='ltr'><strong>in</strong></span> <span class='ocrx_word' id='word_1_392' title='bbox 383 4233 573 4329; x_wconf 70' lang='lat' dir='ltr'><strong>„quaestione</strong></span> <span class='ocrx_word' id='word_1_393' title='bbox 600 4239 682 4318; x_wconf 52' lang='lat' dir='ltr'><strong>cum&#39;</strong></span> <span class='ocrx_word' id='word_1_394' title='bbox 699 4222 821 4326; x_wconf 81' lang='lat' dir='ltr'><strong>Cuiaoio</strong></span> <span class='ocrx_word' id='word_1_395' title='bbox 848 4259 912 4322; x_wconf 89' lang='lat' dir='ltr'><strong>obs.</strong></span> <span class='ocrx_word' id='word_1_396' title='bbox 928 4231 979 4338; x_wconf 85' lang='lat' dir='ltr'><strong>X,</strong></span> <span class='ocrx_word' id='word_1_397' title='bbox 1003 4257 1045 4320; x_wconf 76' lang='grc'><strong>14</strong></span> <span class='ocrx_word' id='word_1_398' title='bbox 1066 4225 1175 4322; x_wconf 78' lang='lat' dir='ltr'><strong>acriter</strong></span> <span class='ocrx_word' id='word_1_399' title='bbox 1197 4257 1305 4327; x_wconf 79' lang='lat' dir='ltr'><strong>dutin-</strong></span> 
     </span>
     <span class='ocr_line' id='line_1_45' title="bbox 168 4330 1306 4441; baseline 0.011 -41"><span class='ocrx_word' id='word_1_400' title='bbox 168 4330 319 4432; x_wconf 76' lang='lat' dir='ltr'><strong>gueudum</strong></span> <span class='ocrx_word' id='word_1_401' title='bbox 340 4339 392 4441; x_wconf 84' lang='lat' dir='ltr'><strong>est</strong></span> <span class='ocrx_word' id='word_1_402' title='bbox 416 4337 673 4416; x_wconf 70' lang='lat' dir='ltr'><strong>,intermontium</strong></span> <span class='ocrx_word' id='word_1_403' title='bbox 692 4349 723 4410; x_wconf 79' lang='lat' dir='ltr'><strong>et</strong></span> <span class='ocrx_word' id='word_1_404' title='bbox 742 4343 963 4434; x_wconf 11' lang='lat' dir='ltr'><strong>*combretum</strong></span> <span class='ocrx_word' id='word_1_405' title='bbox 975 4387 978 4396; x_wconf 40' lang='lat' dir='ltr'><strong>r</strong></span> <span class='ocrx_word' id='word_1_406' title='bbox 990 4343 1083 4414; x_wconf 18' lang='lat' dir='ltr'><strong>*fidit</strong></span> <span class='ocrx_word' id='word_1_407' title='bbox 1101 4347 1181 4419; x_wconf 86' lang='lat' dir='ltr'><strong>enim</strong></span> <span class='ocrx_word' id='word_1_408' title='bbox 1202 4346 1306 4427; x_wconf 85' lang='lat' dir='ltr'><strong>etium,</strong></span> 
     </span>
    </p>
   </div>
   <div class='ocr_carea' id='block_1_10' title="bbox 0 0 1438 5008">
    <p class='ocr_par' dir='ltr' id='par_1_10' title="bbox 0 0 1438 5008">
     <span class='ocr_line' id='line_1_46' title="bbox 0 0 1438 5008; baseline 0 0"><span class='ocrx_word' id='word_1_409' title='bbox 0 0 1438 5008; x_wconf 95' lang='lat' dir='ltr'><strong> </strong></span> 
     </span>
    </p>
   </div>
  </div>
 </body>
</html>
