2866 5008
658 239 851 309 2:8..4

184 413 275 482 citur:
296 432 356 482 non
376 412 521 500 proprias,
543 415 598 481 sed
623 417 877 500 ,quodammodo“
900 417 998 500 babet,
1019 426 1141 504 propter
1162 419 1322 491 exhibendi
1420 515 1421 520 Ἰ

186 504 324 570 olbeium.
786 555 787 560 η
1038 515 1041 522 ’
1420 565 1421 576 r

269 592 302 653 ll.
332 589 481 652 Scaevola
503 590 522 652 t.
545 589 598 667 tr,
620 591 636 653 t
659 592 695 652 de
713 593 813 671 pactis
834 593 883 672 ΙΙ,
904 592 942 654 14
970 611 1070 657 cesum
1098 596 1227 676 profert,
1258 617 1320 678 quo
1420 598 1421 656 t

185 675 260 740 ratio
278 677 392 757 accepti
411 683 499 755 atquc
519 679 642 758 expensi
665 679 703 740 ite
727 685 922 760 computatur,
945 685 975 742 ut
997 679 1072 742 alter
1094 683 1177 744 alteri
1199 682 1321 746 debito-

184 777 248 824 rem
270 780 304 825 se
333 763 490 824 constituet
512 763 541 824 in
564 771 673 826 certam
701 765 844 844 quandam
872 783 1030 828 aureorum
1059 785 1208 832 summram.
1253 771 1320 844 Ouo

184 846 329 925 edicitur,
359 847 445 928 plane
466 850 614 912 contraria
636 849 690 912 sibi
713 867 781 912 esse
804 859 923 932 accepta
945 859 1032 932 etque
1056 870 1205 934 expense,
1229 875 1320 936 quum

183 949 287 994 eorum
310 934 487 1014 computatio
511 937 778 1015 compensationem
801 939 891 1018 partis
914 946 995 1000 certe
1017 955 1194 1002 summarum
1218 943 1320 1004 credi-

181 1023 276 1083 tarum
298 1017 520 1101 debitarumque
543 1019 831 1101 efficiam-diversae
854 1023 942 1105 igitur
963 1023 1159 1106 obligationes
1183 1027 1218 1090 iis
1241 1046 1319 1091 con-

180 1104 326 1168 tinentur:
353 1105 527 1186 ,passivae“
552 1107 691 1187 acceptis,
715 1109 854 1188 expensis
872 1109 1035 1191 ,activae“,
1058 1118 1089 1172 ut
1099 1111 1319 1177 'recentioribus

180 1189 332 1253 vocabulis
351 1197 423 1253 utar.
459 1190 545 1264 Quod
564 1193 682 1254 minime
701 1195 878 1258 eontrarium
897 1203 943 1258 est
963 1197 1000 1274 ei,
1024 1196 1102 1276 qnod
1125 1215 1214 1278 supra
1237 1199 1318 1261 dixi-

180 1291 247 1336 mus
272 1275 341 1354 ,ubi
362 1275 501 1338 solvatur
518 1275 645 1342 debitum
666 1279 758 1341 literis
776 1281 872 1342 aliove
889 1279 977 1344 modo
993 1288 1183 1360 contractum,
1206 1303 1318 1366 aecep-

180 1365 242 1422 tum
264 1378 282 1422 a
305 1360 454 1423 creditore
475 1361 613 1425 referri.“
660 1366 716 1438 Qui
739 1367 763 1427 si
786 1365 841 1429 boc
865 1367 978 1446 fecerit,
1002 1368 1104 1430 eadem
1126 1387 1238 1433 summa
1261 1391 1317 1434 ac-

181 1450 267 1524 cepta
288 1445 380 1508 relata
402 1446 431 1507 in
455 1447 559 1510 tabulis
586 1467 662 1530 quare
690 1469 820 1532 expensa
848 1453 905 1515 lete
928 1461 988 1516 est:
1021 1471 1094 1535 ergo
1117 1473 1172 1517 nec
1201 1459 1316 1536 passiva

179 1547 281 1610 neque
303 1533 398 1594 active
421 1531 561 1616 obligatio
583 1543 686 1615 postea
708 1537 754 1598 illa
777 1539 891 1604 ratione
914 1541 1089 1618 continetur,
1112 1541 1166 1603 sed
1189 1544 1316 1606 extincta

180 1623 227 1678 est
248 1616 403 1694 solutione,
426 1619 471 1682 eui
494 1621 522 1680 in
546 1621 650 1683 tabulis
674 1623 834 1706 respondet
856 1627 968 1705 accepti
990 1625 1103 1688 relatio.

265 1702 306 1764 lll.
340 1703 477 1766 Similiter
492 1703 568 1766 idem
586 1707 615 1766 in
631 1707 649 1768 t.
664 1707 710 1786 31,
733 1710 749 1769 1
772 1710 810 1772 de
830 1710 880 1772 tib.
897 1711 952 1790 lep.
968 1711 1107 1788 XXXIV,
1129 1713 1168 1773 3:
1193 1705 1315 1792 ,Odae-

182 1787 272 1865 ritur,
295 1805 331 1850 an
353 1789 467 1868 reliqua
490 1789 649 1853 secusdum
673 1801 793 1875 accepta
815 1803 846 1856 et
868 1813 999 1876 expensa
1015 1796 1141 1860 reddere
1156 1798 1261 1863 debeat
1278 1803 1315 1864 li-

180 1869 294 1949 bertus,
317 1875 366 1952 qui
388 1875 517 1937 rationes
539 1878 698 1957 gesserit.“

183 1979 187 1986 ¹
269 1958 407 2022 l'estator
429 1962 505 2023 enim
530 1963 704 2042 scripserat:
1198 2005 1201 2010 ·

267 2043 317 2122 ,Si
339 2045 407 2124 quid
430 2065 478 2109 me
500 2048 568 2111 vivo
590 2052 693 2132 gessit,
715 2052 844 2115 rationes
867 2054 904 2116 ab
927 2073 964 2117 eo
988 2055 1066 2139 exigi
1089 2057 1186 2122 veto.“

195 2165 198 2170 ι
262 2128 433 2210 Respondet
455 2129 563 2197 tillus:

172 2285 175 2290 ,
264 2214 467 2295 ,Reliqnatum
488 2237 578 2300 posse
600 2222 643 2292 ab
659 2223 817 2287 heredibus
845 2226 986 2290 vindicari
993 2248 1002 2303 3
1029 2227 1083 2290 sed
1106 2230 1168 2310 ipsa
1198 2232 1315 2295 nomina

176 2315 237 2360 non
259 2317 328 2363 esse
351 2304 379 2364 in
403 2305 541 2386 reliquis,
571 2306 621 2370 ubi
643 2309 672 2370 in
694 2327 756 2371 rem
780 2309 887 2375 domini
910 2315 1048 2394 pecunias
1070 2330 1104 2377 se
1125 2318 1253 2381 'vertisse
1273 2317 1313 2379 li·
1420 2391 1421 2394 Ἴ

175 2383 278 2448 bertus
300 2389 396 2468 possit
418 2391 575 2470 probare.“
644 2464 645 2469 ἵ
901 2437 903 2442 ·

190 2502 194 2510 -
263 2472 340 2544 Quid
361 2473 507 2539 hocloco
530 2485 576 2540 est
605 2481 829 2560 ,reliquatos“‘l
868 2485 992 2570 Primum
1023 2493 1174 2568 exstantes
1204 2491 1313 2554 nummi

178 2567 314 2630 omnes3'
330 2558 436 2620 deinde
459 2563 543 2623 etiem
566 2581 619 2642 ee,
649 2579 725 2646 quae
750 2570 931 2649 ,secundum
962 2579 1085 2652 accepte
1107 2580 1138 2633 et
1159 2579 1310 2656 expensa“

174 2638 289 2720 'reliqua
312 2644 388 2704 sunt:
433 2645 541 2710 Eorum
564 2651 653 2732 igitur
681 2645 759 2716 nulle
782 2655 837 2716 boc
860 2670 931 2717 ceso
954 2650 1029 2719 ratio
1058 2657 1207 2739 redditur,
1238 2682 1312 2744 quae

176 2726 304 2790 extincta
321 2744 388 2790 esse
403 2733 498 2810 primo
513 2732 674 2799 tabularum
693 2745 815 2819 aspectu
831 2749 951 2822 apparet
973 2751 1003 2805 et
1025 2743 1172 2808 solutione
1186 2749 1310 2829 implete,

175 2826 267 2890 quum
291 2813 393 2876 eadem
415 2833 527 2880 summe
550 2823 677 2902 accepte
693 2825 740 2897 sit,
764 2824 866 2886 endem
890 2845 1029 2910 expensa.
1066 2829 1086 2891 l.
1111 2849 1137 2893 e.
1160 2833 1240 2914 quod
1263 2833 1310 2896 di-

171 2897 267 2960 oitur:
293 2901 476 2977 ,secundum
495 2913 660 2986 acceptent
680 2910 841 2995 expense}
877 2912 1034 2996 Reliquum
1049 2917 1139 2997 igitur
1155 2927 1210 2994 est,
1232 2920 1310 3000 quod

169 2987 416 3066 compensatione
441 2999 628 3069 receptorum
656 2993 686 3052 e't
718 3010 928 3074 expensorum
947 3003 1075 3066 institute
1105 3021 1122 3064 e
1152 3008 1310 3069 contractis

175 3069 402 3152 obligationibus
426 3078 612 3158 negotiisque
628 3079 721 3158 gestis
738 3083 849 3144 tamin
868 3092 969 3150 natura
992 3109 1077 3171 qnam
1099 3089 1128 3152 in
1151 3091 1310 3174 obligatio-

164 3153 431 3241 ‘nibussupe'rest
1170 3219 1171 3228 ,

258 3241 305 3304 lV.
340 3245 457 3307 Certum
475 3247 590 3326 quidem
607 3258 663 3328 est,
676 3271 860 3324 ¹consensum
878 3258 1032 3322 creditoris
1049 3268 1078 3322 et
1094 3261 1234 3326 debitoris
1251 3281 1309 3326 co-
1330 3253 1341 3272 ⁸

174 3323 289 3387 dinibus
311 3326 480 3392 domesticis
504 3351 689 3414 expressum,
712 3357 801 3416 quarn
824 3342 878 3404 ille*
892 3343 1014 3406 eandem
1034 3365 1193 3428 expensam
1213 3350 1309 3413 tulerit

171 3426 324 3489 summam,
343 3413 466 3476 eandem
480 3416 691 3498 bic-acceptam
707 3425 849 3504 retulerit,
865 3429 1078 3506 probationem
1092 3432 1214 3513 perfecti
1231 3453 1307 3500 eon-

166 3500 283 3557 'trectus
304 3498 466 3577 praeberet-
491 3509 609 3582 tamen,
632 3525 691 3586 quo
714 3509 783 3588 quid
807 3514 964 3594 probatur,
988 3515 1018 3580 id
1039 3519 1133 3598 ipsum
1156 3520 1191 3583 ad
1205 3524 1306 3601 *pcrfi-
1420 3531 1421 3586 t

174 3579 311 3642 mendum
328 3582 401 3645 illud
424 3600 483 3648 non
507 3594 678 3655 necessario
701 3598 870 3675 requiritur·
916 3627 918 3636 ³
1420 3613 1421 3660 l

258 3667 291 3727 V.
325 3667 491 3733 Secundum
521 3675 723 3761 Callistratum
744 3683 762 3744 t.
785 3683 828 3744 82
850 3686 886 3746 de
908 3689 1025 3752 condic.
1049 3691 1179 3772 XXXV,
1201 3695 1217 3755 1
1238 3707 1306 3775 pars

111 3831 113 3836 ,
171 3748 388 3828 reddendarum
403 3758 548 3822 rationum
565 3767 741 3844 computatio
765 3777 820 3848 est,
842 3770 909 3835 ideo
932 3775 1123 3857 instituenda,
1142 3785 1184 3844 ut
1197 3781 1319 3860 explo-.
1420 3801 1421 3856 ξ

170 3830 233 3914 rari
253 3842 362 3922 possit,
387 3845 611 3927 „imputationes
633 3852 742 3931 proba,
765 3873 801 3916 am
824 3857 956 3938 improbe
979 3862 1146 3927 referantur
1153 3883 1162 3940 3
1185 3872 1306 3947 accepta

170 3929 253 3986 recte
276 3928 367 3991 relata
389 3949 426 3994 an
449 3950 508 3995 non
529 3934 651 4014 relata.“
687 3939 913 4019 „imputationes
927 3948 1066 4021 reterre“
1089 3951 1233 4014 hocloco
1256 3951 1305 4014 di·

170 4013 259 4110 ctum·
271 4028 340 4075 esse
361 4033 417 4094 pro
438 4035 589 4100 ,expensa
610 4021 723 4101 lerre“,
744 4023 913 4106 insequenti
928 4041 1129 4116 acceptorum·
1143 4037 1303 4100 relatorum

169 4100 319 4182 mentione
333 4099 482 4180 probatur.
514 4104 602 4176 Quae
612 4109 701 4190 igitur
716 4129 846 4192 expensa
861 4124 948 4181 antea
962 4118 1027 4183 tolie
1050 4121 1193 4186 eadem-si
1211 4123 1304 4202 ,red-

170 4173 295 4277 dantur‘t
319 4184 388 4246 nribi
409 4204 426 4249 a
449 4187 593 4270 debitore,
616 4201 736 4276 accepta
761 4198 908 4277 ,·reiero.“
943 4205 1049 4268 Similis
1063 4207 1149 4270 ‘enim
1172 4227 1304 4290 praepo·

169 4267 379 4348 arbonts-,re“
403 4271 434 4335 in
456 4280 586 4356 utroque
607 4278 705 4344 rerbo'
721 4287 879 4354 auctoritas
898 4289 1039 4364 eat3¹illic
1056 4289 1246 4360 dnndo‘idem
1260 4294 1302 4377 iit,
