2866 5008
645 320 859 384 ''⁴16¹“

177 493 269 574 reris,
290 490 500 558 tantuudcmin
513 489 638 558 adversa
659 490 766 574 pagiua
788 489 928 556 creditori
943 507 1107 571 expensum
1123 490 1195 556 fers.
1228 489 1317 558 Nulla

180 589 251 646 tuno
272 583 328 646 erit
349 578 512 642 differentia
535 579 708 658 acceperet
736 578 861 659 expensi
891 595 930 640 ex
959 577 1007 648 illa
1037 577 1235 660 obligatione,
1264 579 1317 642 ubi

177 667 423 748 computationem
445 665 589 728 rationum
611 664 727 727 feceris.
771 665 874 744 ltaque
894 662 939 741 lit,
957 671 991 727 ut
1013 664 1111 727 codex
1133 662 1317 726 domesticus

178 754 268 816 amal
288 754 327 816 sit
358 752 423 831 „eiu
455 748 651 815 Cassabueh.“
707 750 796 814 Cuius
825 750 940 830 accepti
969 751 1078 833 pagina
1096 768 1144 813 ea
1169 750 1316 828 eontinet,

181 857 257 920 quae
279 845 348 902 sunt
370 837 481 917 reliqua
502 855 542 898 ex
563 837 663 917 priore
681 853 806 910 mense3
827 837 896 898 item
919 853 1064 917 eaquae
1080 836 1145 900 sive
1159 854 1201 898 ex
1216 834 1317 899 debito

177 926 242 990 sive
264 925 355 987 mutui
375 923 489 986 aliusue
512 923 624 1006 negotii
647 939 735 988 eausa
758 923 915 987 mibi‘suut
936 921 1048 986 soluta:
1072 941 1150 1002 quae
1171 922 1267 986 omnia
1290 921 1318 985 si

178 1009 325 1076 addideris
348 1017 378 1072 et
400 1026 600 1089 erepensorum
614 1008 683 1070 inde
698 1007 858 1071 deduxeris
875 1025 1025 1088 summanr,
1049 1015 1188 1088 quantum
1204 1025 1316 1088 snper-

181 1103 228 1162 est
249 1094 409 1160 ιιιιιιιιΙιιιιι
433 1096 574 1172 rationes,
597 1101 706 1156 tautum
729 1095 759 1156 in
782 1095 867 1158 bouis
889 1095 1031 1174 reliquum
1047 1094 1135 1158 debet
1149 1109 1228 1158 esse.
1252 1093 1318 1166 Oua

180 1184 212 1246 in
233 1201 267 1245 re
290 1181 410 1246 dubium
431 1181 462 1244 id
484 1187 572 1244 unum
596 1180 786 1259 relinquitur,
816 1179 965 1260 quomodo
994 1180 1084 1243 luerit
1105 1183 1135 1242 ia
1158 1181 1316 1242 literarum

181 1268 419 1351 obligationibus.
454 1269 498 1328 De
514 1267 641 1329 arcario
655 1268 732 1329 euim
748 1270 866 1330 nomine
881 1266 978 1340 omnia
992 1265 1079 1346 plana
1095 1268 1232 1330 videntur
1246 1283 1318 1338 ease

179 1374 219 1420 ex
240 1353 289 1417 illa
310 1354 455 1426 sententia
477 1361 597 1427 nostem
620 1359 717 1416 tamen
740 1354 765 1415 si
788 1373 806 1416 e
828 1359 987 1415 contracto
1007 1354 1160 1414 nummum
1180 1369 1317 1432 expensa

179 1440 255 1504 Titio
278 1447 396 1505 eentum
420 1439 550 1516 tulerim,
573 1437 700 1504 deducio
720 1446 827 1519 postea
849 1440 924 1502 ratio
947 1446 1065 1502 centum
1087 1439 1183 1502 minan
1206 1437 1317 1500 efficiet

180 1544 267 1606 gnara
291 1527 339 1605 „in
362 1524 465 1588 eassn“
491 1532 575 1600 suut3
604 1524 770 1605 eademque
786 1525 957 1589 dillereutia
979 1525 1051 1603 erit,
1079 1525 1106 1592 si
1128 1530 1244 1587 centum
1266 1522 1318 1586 illa

180 1612 303 1682 solverit
325 1612 415 1674 Titius
438 1629 533 1690 eaque
563 1609 694 1674 retulero
716 1619 848 1693 accepta.
893 1610 951 1676 Sed
974 1611 1000 1673 sl
1021 1611 1209 1674 avenacia,
1224 1626 1317 1676 eausa

178 1699 272 1763 literis
295 1703 475 1761 contractum
497 1703 553 1774 est,
575 1697 683 1761 Kelleri
705 1698 849 1760 sententia
872 1695 988 1759 videtur
1002 1695 1162 1777 probanda,
1185 1695 1317 1777 priorem

179 1784 388 1862 obligationem
414 1781 535 1861 ,quasa
559 1783 707 1844 solutione
722 1785 880 1845 extinctam
896 1789 1018 1858 accepto
1033 1781 1220 1846 referendam
1235 1797 1316 1860 esse,

180 1866 289 1934 deinde
311 1868 481 1930 tantundem
503 1883 635 1946 expenso
658 1868 821 1932 ferendum.
872 1867 957 1930 Nulla
979 1869 1056 1930 enim
1078 1887 1117 1930 ex
1139 1887 1176 1932 ea
1198 1869 1316 1934 tatione

181 1964 252 2020 tanc
273 1953 436 2015 differentia
459 1955 523 2016 erit.
566 1953 656 2031 llam,
673 1955 711 2015 ¹si
732 1974 795 2022 ann
825 1953 951 2018 novandi
973 1971 1078 2032 eausa,
1108 1955 1192 2020 titulo
1209 1961 1312 2018 *nmen

167 2058 311 2104 ·oneroao
334 2057 496 2118 expensum
519 2039 606 2100 latum
628 2039 727 2102 luerit.
772 2041 822 2104 Sin
847 2041 1012 2114 lucrativo,
1043 2041 1128 2104 simul
1158 2056 1223 2104 oum
1254 2058 1313 2102 exa-

180 2125 473 2210 pensilatiuneiaota
495 2124 670 2188 tantundem
701 2133 772 2206 puto
795 2143 864 2189 esse
893 2125 1016 2206 reliquis
1038 2145 1057 2186 e
1079 2127 1181 2206 priore
1203 2144 1316 2204 mense,

179 2215 199 2276 i.
223 2232 249 2274 e.
271 2213 349 2274 inter
372 2219 493 2290 accepta
515 2211 691 2287 reimundo,
719 2210 902 2290 addendum,
932 2229 1021 2291 quum
1052 2211 1172 2277 donatio
1195 2230 1254 2286 nou
1277 2212 1315 2277 sit

184 2299 323 2381 obligatio
345 2299 442 2376 itaque
466 2315 520 2360 nec
543 2299 684 2361 rationem
705 2298 874 2371 contineat,
887 2341 890 2352 .
904 2297 958 2361 sed
987 2306 1174 2377 angmentum
1204 2305 1314 2361 tautam

178 2387 348 2451 bonorum:
379 2383 511 2448 Moeram
532 2385 622 2466 igitur
652 2383 746 2448 codici
768 2383 954 2447 inferendum
985 2391 1047 2459 est3
1079 2387 1135 2447 sub
1165 2402 1202 2448 ea
1222 2381 1316 2450 solutu

180 2471 354 2537 condicione
377 2469 527 2549 obligatio,
550 2489 644 2549 quam·
659 2489 700 2531 ex
720 2487 817 2532 enasse
838 2469 1003 2534 donationis
1022 2471 1118 2532 literis
1133 2470 1175 2532 illi
1189 2478 1315 2534 eontra-

60 2621 69 2630 ,
179 2556 391 2632 benevolnnt,
415 2555 508 2620 eodiei
531 2554 802 2632 itatradipotest‚
825 2553 955 2616 utnulla
978 2554 1141 2622 differentia
1164 2557 1314 2618 interra-

157 2643 278 2704 ·tiones
302 2640 750 2704 deducendasetnumeraudam
772 2639 924 2718 pecuniam
947 2646 1095 2750 extantem
1117 2642 1240 2706 intersit.
1263 2643 1314 2764 lla,

179 2746 270 2809 quae
275 2727 412 2803 diximus,
435 2726 590 2788 admodum
613 2723 837 2792 confirmantur:
890 2759 892 2764 ·

265 2813 286 2874 l.
306 2831 355 2889 eo,
371 2812 449 2892 quod
462 2801 608 2872 Labeonis
619 2817 754 2890 tempore
769 2812 904 2875 rationes
915 2811 1118 2880 domesticae
1109 2831 1139 2876 ιιι
1154 2832 1209 2879 usu
1222 2821 1313 2896 aaut,

56 2914 62 2922 ·
179 2915 257 2980 quae
272 2899 417 2977 Papiniani
434 2898 519 2962 eliam
535 2902 631 2959 aelate
646 2897 884 2976 reperiebantur:
908 2898 926 2960 l.
942 2898 994 2975 91,
1010 2898 1030 2960 3
1045 2899 1184 2980 delegat.
1199 2899 1243 2964 lll.

199 3030 202 3036 .
265 2982 297 3046 ll.
331 3001 386 3059 eo,
417 2980 495 3060 quod
521 2981 671 3058 „reditus“
702 3001 806 3047 omnes
827 2985 881 3048 iilis
904 2985 1064 3048 rationibus
1094 2985 1312 3050 inferebantur:

97 3132 98 3135 ,
176 3070 196 3134 l
214 3069 259 3132 at
284 3070 332 3132 eit.
376 3069 455 3134 later
476 3067 588 3133 reditus
611 3075 709 3133 autern
732 3070 818 3140 etiarn
841 3089 928 3134 omne
951 3071 1066 3139 ineram
1082 3088 1312 3137 connumeran-

178 3155 247 3220 dum
268 3155 392 3222 videtetei
438 3155 519 3232 Ouo,
541 3155 636 3234 quod
644 3155 681 3218 de
704 3155 909 3221 donationibus
931 3156 1073 3234 diximus,
1095 3159 1312 3239 comprobatur.

177 3242 215 3306 Ut
234 3243 314 3306 eninr
336 3241 452 3308 uomina
475 3241 560 3308 titulo
586 3261 790 3328 personarum
821 3241 980 3323 [debitoris
1011 3240 1251 3325 creditorisveJ,
1249 3246 1314 3310 aio

177 3327 289 3392 reditas
307 3327 395 3390 ιιιιιΙο
417 3345 524 3390 mrum
545 3346 754 3407 possessionem
776 3330 806 3389 iu
834 3328 986 3399 rationem
1008 3329 1166 3402 veniebant
1185 3337 1217 3396 et
1237 3331 1314 3395 inter

159 3415 297 3512 aceepta
319 3411 643 3487 selesberiensem
665 3413 769 3489 fiebat,
800 3419 834 3475 ut
854 3414 878 3476 si
901 3415 1046 3476 communi
1075 3416 1162 3482 unius
1177 3415 1229 3478 rei
1249 3434 1309 3478 nu-

173 3500 254 3564 mine
275 3499 376 3581 plnres
390 3507 474 3580 pater
487 3499 825 3578 familiaseaujangeret
846 3505 876 3560 et
898 3499 1025 3560 ornuiurn
1040 3499 1181 3568 reditus
1171 3520 1204 3570 Ιιιι
1226 3519 1312 3573 unam
1422 3549 1423 3558 ,

176 3603 320 3652 summam
341 3594 570 3650 connumeratus
591 3585 754 3647 rationibus
769 3583 917 3660 -iulerret,
944 3601 1045 3648 omues
1066 3586 1104 3649 ad
1126 3605 1213 3652 uuam
1235 3587 1313 3652 illam
1422 3653 1423 3676 ,

174 3671 329 3753 pertinere
356 3673 538 3736 viderentur.
584 3668 668 3742 Quod
690 3668 831 3748 probatur
853 3669 880 3732 Ι.
895 3669 1025 3748 aleta,
1056 3689 1131 3752 quae
1162 3667 1309 3753 quomodo
1422 3689 1423 3754 }

176 3759 216 3824 sit
240 3758 340 3824 literis
371 3761 553 3823 contractum
582 3756 650 3818 mibi
680 3753 797 3834 quidem
826 3755 943 3822 videtur
973 3757 1160 3822 ostendere..
1185 3759 1311 3825 Disserit
1422 3757 1423 3778 ¹

177 3846 272 3914 enim«
286 3847 324 3910 de
352 3847 442 3908 rebus
470 3859 530 3908 uno
560 3842 655 3921 pretio
685 3841 842 3919 acquisitio
888 3841 1018 3914 Quarum
1037 3839 1063 3910 si
1090 3862 1178 3910 unam
1208 3844 1313 3924 ,sicuti
1422 3831 1423 3876 {

184 3939 362 4014 comparata
377 3930 441 3991 est“
467 3928 631 4008 legavero,
638 3925 681 3989 bis
697 3926 924 4064 condicionibus
939 3928 1073 4010 rebquae
1087 3941 1193 3994 omues
1207 3929 1313 3994 eoderu
1422 3973 1423 3976 κ

177 4019 403 4100 contuebuntur
423 4014 541 4095 legata:
1054 4055 1057 4062 2

214 4106 291 4168 Ι.·
316 4104 361 4166 si
373 4100 483 4180 ,literis
511 4107 541 4162 et
567 4099 748 4166 rationibus
778 4101 899 4165 numine
926 4102 1046 4185 legatae
1075 4061 1193 4166 ceteras
1224 4103 1312 4166 etiarn

174 4153 355 4274 conplexus
373 4205 462 4249 eram.
552 4228 555 4232 -
692 4228 694 4232 -

261 4276 292 4338 ΙΙ.
325 4275 351 4338 si
374 4273 502 4337 omnium
525 4271 636 4340 reditus
659 4273 754 4340 ιιιίιιι
765 4273 840 4340 illias
860 4230 974 4342 titulo
965 4291 996 4341 m
1018 4271 1121 4396 codiee
1144 4222 1306 4346 domestico

175 4361 294 4450 accepti
315 4358 532 4438 reserebantur.
798 4385 800 4392 s
959 4403 961 4408 .
