2866 5008
641 275 852 344 254-

181 453 325 531 rervanda
346 453 485 538 posidet,
506 457 539 530 nt
558 451 667 525 veritat
689 449 760 516 facti
780 445 1008 532 scriptiefiteris
1020 451 1235 542 praeponetur:
1259 447 1317 512 de·

181 542 269 605 bitori
290 541 336 604 illa
358 542 493 623 probatio
515 557 629 620 seraper
650 537 844 622 permittenda
867 535 982 600 videtur
1011 553 1096 600 asse,
1136 533 1218 610 Duae
1240 537 1318 604 enirn

182 629 375 708 exceptiones
398 633 500 692 contra
522 623 722 707 chirografum
738 629 940 705 conpetenter
955 619 1092 702 distingui
1107 619 1233 696 debent:
1256 640 1319 683 non

181 719 355 778 numeratae
379 713 545 793 pentoma,
573 711 697 774 indebiti
702 732 714 783 ;
743 708 789 772 illa
812 716 878 788 post
908 715 1023 770 certum
1052 706 1319 787 impossibiles,

181 797 256 862 haec
278 799 393 860 minime
401 817 410 872 ;
433 797 479 860 illa
502 799 559 858 litis
582 798 756 860 contestatio
780 795 915 876 negativa
939 794 1049 855 rectius
1071 791 1268 872 appellaretur
1288 801 1321 868 et

183 883 323 955 creditori
346 883 481 963 probatio
504 883 656 960 incumbit:
680 881 753 946 haee
774 899 845 942 vera
867 879 1006 959 exceptio
1028 883 1083 943 eet
1131 879 1216 952 onae
1241 879 1320 941 dilu-

184 967 251 1034 cido
272 986 289 1050 a
312 969 400 1040 Paulo
423 969 439 1030 l.
463 967 516 1048 25,
537 969 559 1044 4,
581 967 617 1030 tle
641 969 724 1048 prob.
748 975 777 1030 et
800 983 895 1046 praes.
919 963 1146 1046 distinguuntur.
1178 963 1321 1045 Numqui

184 1071 301 1127 causon
323 1053 451 1121 detondi
472 1054 640 1134 specialiter
661 1055 693 1117 in
714 1051 882 1133 chirografo
904 1049 1080 1132 expletioni,
1104 1047 1324 1130 exbapndintatt

184 1137 375 1203 confessione
397 1139 520 1220 qondam
542 1139 620 1201 litem
644 1138 759 1202 videtur
777 1136 940 1219 ,positive“
960 1142 1143 1198 contestatus
1158 1153 1238 1212 esse,
1259 1155 1322 1212 ne,-

185 1241 243 1304 ope
265 1227 470 1305 wemmam
488 1243 551 1288 aon
571 1233 745 1290 nommetur
762 1225 914 1304 pecuniae
937 1238 1089 1304 oppenere
1107 1228 1225 1302 potest3
1250 1223 1322 1308 ,in-
1419 1295 1420 1308 ἦ

185 1307 332 1380 debitum“
359 1317 455 1374 tamen
486 1328 604 1390 semper
633 1311 662 1372 ei
690 1310 895 1383 demonstrare
924 1310 1033 1380 licere
1056 1309 1152 1388 capite
1183 1307 1242 1382 deli
1271 1315 1326 1382 eut

182 1396 256 1477 justi
278 1397 406 1472 erroris,
430 1413 489 1474 quo
512 1395 548 1456 ad
570 1395 759 1458 scribendum
782 1401 932 1476 permotus
954 1395 1002 1457 sit.
1046 1394 1095 1458 Sin
1121 1393 1320 1473 ,indiscrete“
1419 1409 1420 1418 ³

185 1481 283 1560 cautio,
304 1480 451 1560 loquitur,
478 1481 497 1543 i.
521 1498 548 1542 e.
572 1480 649 1556 nnlln
680 1480 806 1544 debendi
836 1481 982 1561 adscripta
1005 1497 1109 1547 cansa:
1142 1479 1321 1560 ,negative“

185 1566 272 1630 etiam
294 1567 373 1631 litem
394 1568 430 1646 is,
452 1567 501 1650 qui
523 1565 601 1630 illam
623 1569 783 1648 scripserit,
807 1569 965 1632 contestari
980 1567 1104 1646 poterit:
1129 1565 1226 1644 itaque
1249 1583 1323 1629 cro·
1419 1615 1420 1622 ,

185 1649 262 1732 ditor
284 1651 412 1716 debitum
436 1649 473 1733 (i.
496 1669 522 1716 e.
540 1656 651 1735 justam
674 1653 799 1728 debendi
830 1648 966 1734 eausam]
989 1650 1148 1719 ostendere
1181 1651 1323 1732 compal-

184 1736 263 1815 litur.
307 1737 443 1802 Similiter
465 1757 482 1800 e
505 1738 679 1802 Diocletiani
702 1746 731 1801 et
753 1738 920 1803 Maximiani
942 1756 967 1800 c.
990 1735 1009 1800 3
1032 1738 1059 1798 si
1080 1737 1176 1810 minor
1197 1753 1235 1810 se
1255 1757 1325 1802 mae
1419 1759 1420 1784 ὲ

181 1825 279 1906 jerem
301 1822 333 1900 ll,
355 1823 415 1900 42,
437 1825 489 1902 qui
510 1825 651 1904 majorem
680 1842 714 1887 sa
745 1843 814 1888 esso
843 1827 907 1906 ipso
939 1824 1135 1896 instrumento
1165 1821 1324 1892 confessus

188 1914 251 1985 est,
281 1905 343 1969 'non
367 1914 465 1988 potest
493 1908 522 1969 in
546 1909 692 1990 integrum
724 1917 846 1990 propter
875 1911 1016 1982 minorem
1048 1915 1174 1980 aetatem
1197 1910 1323 1974 restitui.

186 1992 333 2072 Exclnsus,
363 1995 453 2076 igitur
482 1993 665 2074 abeneficio
686 2004 749 2073 est,
781 1997 836 2057 nisi
864 1995 1063 2070 instrumentis
1092 1995 1230 2076 prolatis,
1262 2013 1323 2057 non

187 2080 273 2150 etiarn
295 2096 351 2160 per
371 2079 486 2144 testium
509 2080 718 2160 depositiones
742 2088 811 2147 imre
833 2101 868 2160 se
890 2084 1031 2146 minorem
1054 2080 1146 2148 fuisse
1168 2079 1324 2162 proliano-

187 2167 234 2228 rit.
279 2163 328 2229 Sin
352 2165 419 2228 nihil
442 2163 478 2228 de
500 2169 612 2248 majore
642 2173 739 2229 aetate
761 2169 946 2249 scripsisset,
979 2174 1074 2240 tentes
1093 2165 1245 2240 thom-ad·
1264 2166 1323 2240 mi·

185 2268 290 2315 norem
313 2257 438 2313 aetatem
461 2253 640 2332 probandam
662 2251 828 2332 producere
850 2256 1005 2334 potuisset.

272 2337 397 2400 Diversa
419 2337 508 2418 igitur
530 2339 627 2401 cantio
652 2338 848 2417 ,indisereto“
874 2339 999 2419 loquens
1022 2355 1038 2399 a
1062 2337 1196 2400 cautione
1228 2357 1325 2418 ,cau-

186 2441 249 2501 sata
272 2421 457 2504 explanante
483 2431 537 2485 est.
583 2425 642 2488 Sed
665 2423 739 2489 haee
761 2425 852 2499 etiam
879 2425 1081 2505 probatiorem
1103 2424 1164 2502 ret,
1195 2423 1267 2500 nihil
1289 2443 1325 2488 se

187 2508 341 2588 accepisse
363 2509 413 2574 vel
433 2503 542 2585 nulium
565 2509 694 2578 debitam
716 2511 851 2588 subesse,
875 2509 1007 2589 admittit,
1029 2527 1127 2604 quum,
1142 2511 1170 2582 in
1188 2509 1237 2584 ilia
1253 2529 1326 2589 cre-

188 2593 296 2674 ‹iitrrnis¹
314 2593 351 2670 sit
373 2609 449 2668 onus
465 2593 617 2672 probandi.
648 2593 710 2668 Noe
725 2594 848 2656 credere
871 2613 1036 2676 possennus,
1061 2612 1157 2673 reum,
1179 2597 1229 2676 qui
1244 2602 1326 2670 tent,-

187 2694 245 2758 pus
266 2677 450 2757 exceptionis
473 2694 531 2749 non
554 2684 723 2744 numeratae
735 2681 879 2758 pecunius
895 2683 958 2742 sive
974 2681 1154 2764 negligentis
1169 2683 1234 2754 sive
1249 2700 1327 2762 pro,-
1419 2757 1420 2760 Ἴ

132 2813 137 2821 .
187 2763 338 2833 batianum
360 2761 466 2829 fiducia
487 2761 635 2842 omiserit,
666 2761 694 2824 in
716 2767 819 2847 pejore
841 2765 1016 2847 condicione
1040 2783 1110 2840 esse
1133 2785 1220 2848 quam
1246 2787 1327 2846 earn,

189 2848 239 2930 qui
261 2865 295 2910 se
318 2849 468 2927 accepisse
491 2847 539 2910 vel
561 2867 601 2924 err
618 2853 698 2932 justa
721 2869 809 2922 causa
826 2849 936 2914 debere
954 2858 1060 2932 sponte
1077 2853 1237 2932 scripserit.
1263 2855 1336 2928 ltus,

190 2950 249 3014 qne
272 2938 328 2994 tom
351 2932 390 2994 illi
413 2949 497 3012 quarn
510 2934 588 3001 ,huic
604 2935 737 3014 probatio
753 2939 892 3016 conharii
908 2935 1258 3020 competit‚[ercceptione
1275 2942 1329 3014 irr-

190 3017 281 3098 defriti
303 3014 474 3101 opposita),
505 3025 535 3094 et
556 3018 650 3099 ipsum
673 3020 870 3102 chirografum
899 3024 1073 3104 probatione
1096 3024 1248 3096 illectura
1273 3045 1329 3088 re÷

189 3112 296 3186 petere
317 3111 443 3186 possunt
463 3099 674 3188 (condictione
694 3105 854 3190 indebitiJ:
884 3109 1023 3184 creditori
1049 3117 1149 3178 tamen
1169 3109 1331 3192 chirognns

190 3189 251 3256 lum
275 3189 518 3272 adprobandum
538 3191 655 3254 suffieit.
701 3193 785 3269 Quod
816 3202 911 3256 antem
942 3195 986 3257 bis
1008 3194 1130 3275 aliisque
1152 3196 1226 3262 locis
1248 3215 1331 3264 con-

190 3276 252 3340 dioi
274 3277 381 3355 cantio,
404 3275 531 3344 debiturn
552 3280 582 3340 in
605 3279 770 3350 cautionem
787 3281 897 3342 deduci
912 3287 968 3363 etc.
992 3279 1113 3356 dicitur:
1136 3282 1331 3363 sagneissime,

192 3361 343 3432 Gneistios
366 3369 470 3430 eontra
491 3362 649 3443 Croppium
673 3364 779 3437 effecit,
802 3365 839 3426 de
862 3366 996 3430 caudore
1018 3367 1077 3448 agi,
1099 3386 1176 3448 quae
1197 3385 1258 3436 non
1274 3387 1331 3449 per

189 3463 226 3595 {e
249 3441 348 3526 [quod
370 3448 509 3518 cautione·
526 3447 591 3522 lieri
612 3447 733 3531 nequit)
756 3448 811 3524 sed
837 3449 1015 3531 interposite
1036 3454 1236 3533 ,stipulatione
1268 3455 1330 3528 de-

211 3530 280 3594 itum
303 3533 428 3594 novarit.
940 3587 946 3596 s.
990 3594 994 3600 ,
1091 3577 1096 3582 -
1179 3598 1181 3605 ,
1228 3573 1230 3580 1
1421 3549 1422 3574 t

276 3617 378 3698 ltaque
403 3621 675 3698 praesumptionem
704 3626 814 3700 tantum
844 3625 986 3692 contracti
1015 3626 1130 3706 negotii
1155 3625 1335 3706 chirografo
1421 3689 1422 3710 ,

168 3701 239 3776 tlte
261 3703 418 3788 continent.
464 3703 647 3789 Similisjam
670 3706 785 3787 Ulpiani
807 3715 941 3790 tempore
963 3711 1167 3793 praesumptio,
1185 3721 1255 3782 erat
1278 3716 1339 3792 ,si

192 3789 314 3870 quisse
344 3789 502 3870 scripserit
530 3790 728 3874 fidejussisse,
757 3795 854 3864 uideri
881 3798 980 3868 omnia
1009 3797 1193 3870 sollemniter
1223 3801 1331 3870 aetii:
1421 3793 1422 3850 f

191 3876 210 3938 l.
234 3875 280 3956 30.
298 3874 335 3950 do
357 3878 391 3940 ll.
416 3877 456 3950 0.,
473 3877 568 3957 Xhll,
592 3877 619 3940 l.
663 3878 757 3961 Nono
787 3890 882 3950 autem
905 3881 1034 3962 dubitat,
1063 3888 1135 3966 quin
1167 3883 1332 3952 verborum
1421 3887 1422 3946 t

192 3961 331 4044 obligatio
354 3965 401 4028 illa
424 3963 478 4044 sit,
511 3968 654 4045 quernis
673 3967 820 4047 stipulatio
843 3970 964 4049 scriptis
980 3970 1082 4040 literis¹
1096 3979 1168 4041 anta
1184 3988 1254 4042 esse
1276 3974 1334 4042 ai.-
1421 4049 1422 4052 Ἴ

193 4045 314 4122 decim:
341 4050 374 4126 S.
395 4049 417 4111 8
437 4050 463 4112 l.
488 4049 529 4118 de,
548 4051 625 4136 [idoj.
648 4052 701 4132 lil,
731 4051 781 4119 20.
818 4054 993 4140 -ttdejussto
1017 4057 1092 4126 enirn
1115 4048 1233 4138 semper
1255 4077 1335 4130 vers·-
1421 4055 1422 4082 ³

192 4131 461 4280 ffirumfohliggtio
483 4144 539 4280 eden
560 4155 648 4218 quum
670 4139 1043 4226 principalis-obligationis
1065 4150 1336 4224 ostensumque—-

219 4232 379 4298 ,r:e.pr.
415 4265 428 4288 ,.
452 4237 518 4286 eo.
1421 4229 1422 4234 ’

255 4299 344 4388 ind,
360 4303 446 4376 erton
468 4306 494 4372 si
515 4305 648 4394 debitori
662 4310 825 4382 secuudum
844 4329 869 4379 o.
895 4311 936 4381 14
957 4293 1003 4382 cit.
1026 4275 1235 4398 probatiorem
1251 4279 1332 4384 illam
