2866 5008
638 315 853 381 ..oo-¹

176 486 251 552 trabi
268 492 397 568 putaui,
420 492 451 551 et
470 487 548 552 inter
568 494 743 572 praesentes
758 487 945 554 donationem
966 485 1067 570 perlici
1088 483 1149 550 obn
1167 482 1310 568 potuisse,

176 574 240 640 οιιιι
261 575 306 638 ιιι
328 573 435 638 nullum
457 575 544 654 plane
566 582 771 656 argumentum
794 575 918 639 Gansius
940 573 1064 655 prciert.

263 661 308 722 Nc
338 677 375 722 eo
404 661 538 740 quidem,
568 661 645 742 quod
667 662 768 742 fiotum
789 669 955 724 mutuum
977 669 1118 723 remotam
1141 662 1310 722 contractus

175 747 323 810 nominum
345 763 461 808 causam
484 744 576 809 luisse
597 747 737 810 vidimus:
768 747 902 809 donandi
930 746 1027 809 animo
1056 761 1217 844 expensum
1240 742 1313 805 ferri

176 851 236 896 non
258 832 461 912 potuisset
414 829 548 896 allicitur.
594 833 680 906 Ouod
702 833 777 894 enim
798 830 930 914 tingitur,
952 849 1013 894 non
1036 849 1074 894 eo
1097 831 1162 910 ipso
1183 827 1313 890 etmate-

175 925 242 993 tur5
262 917 351 979 sed
340 935 440 996 omuga
463 924 573 980 ιιιιιιιιιι
595 917 864 996 mntaiadbibatar,
887 913 1312 982 utiintestaruentolaoiendc

176 1002 273 1085 imago
295 1000 480 1066 venditionis.
525 1003 637 1077 Quodsi
664 1021 767 1066 verum
790 1012 920 1068 mutuum
942 1001 1148 1066 antecederet:
1177 1019 1213 1062 rc
1234 1017 1313 1062 con-

176 1095 299 1152 tractam
322 1096 421 1168 esset,
450 1105 509 1152 nun
531 1089 642 1151 literis.-
671 1090 814 1153 arcarium
837 1108 962 1168 nomen,
985 1105 1043 1150 non
1065 1086 1312 1166 transcriptioiuna

176 1179 267 1240 esset
312 1173 524 1256 lleyerleldius
547 1176 663 1256 quidctn
686 1175 795 1239 Gausio
817 1175 962 1252 concedit,
985 1173 1096 1254 quod
1087 1192 1129 1235 ιιι
1140 1189 1179 1236 eo
1197 1188 1312 1234 conse-

176 1260 323 1342 quentiam
345 1257 391 1323 bic
412 1266 522 1340 servet,
544 1261 745 1343 quodquam
768 1260 805 1325 ad
821 1259 986 1326 novandum
1003 1265 1113 1322 tantum
1126 1258 1218 1320 literis
1233 1275 1313 1320 con-

175 1346 251 1409 trabi
271 1347 383 1427 possit,
411 1363 450 1408 ne
477 1349 514 1410 ad
538 1347 723 1409 donationem
750 1347 867 1429 quidem
889 1346 1148 1427 expensilationem
1171 1341 1312 1406 subicere

177 1433 269 1494 dicat:
300 1449 364 1494 nam
394 1433 420 1496 si
443 1431 568 1494 novandi
591 1439 700 1495 tantum
721 1435 816 1515 gratia
839 1451 1002 1533 expensum
1025 1431 1153 1509 leretur,
1182 1429 1314 1491 datium
1427 1427 1428 1462 ³

175 1515 354 1580 antecedere
377 1517 497 1580 debore.
535 1517 593 1581 Sed
616 1518 675 1580 id'
668 1537 763 1600 rpsum
786 1519 925 1596 debitum,
947 1519 972 1580 si
995 1516 1226 1580 concederemus
1249 1533 1312 1580 no-

175 1601 262 1666 vandi
291 1603 476 1666 solummodo
506 1621 596 1666 causa
625 1621 721 1686 genus
748 1606 817 1668 illud
840 1603 1029 1668 contrahendi
1051 1620 1121 1665 csse
1143 1601 1314 1678 adbibitum,

176 1705 275 1752 nonnae
296 1707 351 1769 per
373 1689 644 1770 expensilationem,
666 1709 683 1751 a
705 1692 805 1772 priore
828 1692 961 1753 debitore
979 1693 1065 1773 jussa
1087 1689 1194 1772 prioris
1209 1686 1313 1749 credi-

175 1779 249 1838 toris
271 1774 387 1852 laotam,
407 1781 509 1854 posset
532 1777 688 1852 novatione
711 1777 797 1838 tolli?
841 1778 956 1852 Quare,
979 1776 1065 1836 etiam
1087 1776 1112 1838 si
1134 1773 1312 1854 hypothesin

175 1859 284 1922 Gnosio
306 1860 552 1938 concederemus,
574 1879 661 1924 unum
685 1869 766 1923 corte
785 1861 949 1924 donationis
964 1879 1071 1944 genus,
1092 1860 1230 1923 remeato
1245 1859 1313 1923 sci-

176 1945 244 2008 licet
266 1944 468 2024 obligationis,
490 1944 583 2007 literis
606 1945 668 2009 lieri
690 1954 800 2026 posset.

260 2030 413 2092 Postremo
443 2031 473 2092 id
502 2029 697 2094 relellcnrlum
727 2033 915 2113 relinquitur,
946 2033 1023 2113 qnod
1052 2032 1176 2096 (lansius
1199 2031 1313 2094 Gaiana

175 2116 333 2199 syngrafae
355 2115 523 2179 delinitione
544 2116 736 2180 differentiam
759 2118 941 2182 aliterarura
957 2119 1137 2202 obligatione
1150 2116 1314 2200 'significari

174 2209 264 2284 putat,
287 2204 315 2263 in
340 2219 377 2266 eo
399 2203 534 2284 positam,
556 2205 635 2285 quod
657 2205 706 2266 illa
729 2206 815 2267 etiam
837 2206 873 2267 ad
889 2205 1025 2283 dandum,
1049 2207 1067 2268 i.
1082 2225 1108 2267 e.
1132 2203 1169 2266 ad
1191 2203 1312 2268 donan-

172 2290 242 2352 dum
265 2296 332 2369 apta
353 2287 451 2367 ioarit,
473 2289 553 2352 baec*
567 2291 672 2354 minus.
706 2290 764 2355 Sed
787 2290 950 2354 secundam
974 2293 1070 2364 omnia
1093 2308 1168 2370 quae
1183 2289 1312 2352 diximus

175 2375 313 2457 syngrala
335 2371 382 2437 iila
404 2375 440 2436 ad
463 2375 645 2456 probandum
668 2377 777 2438 tantam
800 2379 1050 2457 interponebatur.
1080 2377 1116 2440 Et
1137 2374 1312 2459 generalem

175 2461 290 2540 quidem
314 2468 401 2541 atque
425 2462 565 2523 incertam
588 2463 661 2526 iilius
680 2465 844 2543 scripturae
862 2466 1011 2527 nationem
1026 2461 1094 2525 inde
1108 2461 1315 2544 intelligimus,

156 2545 257 2625 -quod
285 2546 348 2606 sive
378 2545 505 2608 debendi
528 2565 618 2610 causa
640 2549 788 2611 antecedit
809 2550 873 2612 sive
896 2549 992 2611 lutura
1022 2555 1067 2612 est
1097 2545 1252 2631 (,dcbere
1279 2565 1315 2610 se

174 2636 225 2694 aut
246 2628 378 2694 daturum
399 2628 549 2712 scribat“)
572 2634 732 2716 syngralae
754 2634 895 2717 obligatio
918 2633 991 2698 tradi
1014 2640 1120 2714 potest.

228 2831 256 2890 a
278 2820 589 2883 culminacaetera
611 2834 717 2884 tuntum
739 2828 834 2900 pretio
856 2825 944 2883 titanis
966 2824 1095 2881 coatruln'
1110 2817 1256 2896 'potueriat

149 2979 152 2986 '
261 2975 415 3054 Obaritor,
444 2986 543 3040 utrum
572 2979 737 3042 novationis
767 2978 861 3042 salum
878 2977 977 3060 gratia
998 2992 1042 3040 an
1058 2975 1143 3038 etiarn
1166 2994 1207 3038 ex
1228 2993 1316 3041 mera

174 3080 262 3126 causa
284 3062 376 3124 literis
400 3069 581 3126 contractum
604 3067 642 3127 sit

259 3149 280 3212 l.
317 3150 381 3212 sive
403 3151 603 3212 antecedenti:
629 3152 648 3213 i
672 3169 698 3212 e.
718 3153 797 3233 josia
821 3168 909 3214 causa
931 3148 1131 3231 praecedens,
1147 3163 1231 3228 qaae
1249 3149 1315 3230 jam
1425 3133 1426 3162 ¹

173 3252 234 3300 nun
254 3236 284 3297 in
306 3235 514 3316 obligationem
537 3243 587 3298 aui
609 3238 722 3299 ciuilem
741 3243 792 3298 aut
808 3235 967 3298 naturalem
983 3233 1108 3296 deducta
1123 3240 1184 3296 est:
1206 3232 1226 3295 l.
1245 3233 1273 3312 l,
1295 3235 1311 3297 1

173 3320 211 3380 de
234 3327 342 3383 novali.
365 3320 464 3400 XLVl,
486 3322 515 3383 2.
560 3323 655 3384 Veluti
674 3329 796 3400 pectam
818 3321 854 3380 dc
876 3319 1089 3393 contrahendo,
1112 3319 1192 3398 quod
1215 3319 1314 3382 literis

172 3411 276 3487 postca
298 3407 327 3466 in
350 3413 529 3473 contractum
552 3407 795 3479 transformatur,
825 3422 884 3466 noo
912 3421 949 3464 eo
973 3404 1165 3466 contrahendi
1186 3423 1312 3486 genere,

174 3489 253 3571 quod
283 3505 301 3550 e
330 3499 431 3554 natura
462 3492 573 3574 negotii
601 3491 638 3554 ed
666 3487 873 3572 producendas
902 3490 1035 3554 actiones
1056 3490 1313 3572 perficiendasque
1424 3483 1425 3556 ι

172 3575 366 3655 obligationes
396 3576 557 3638 subiceret.
602 3576 735 3656 Exempli
764 3575 861 3656 gratia
889 3575 995 3638 Canius
1027 3583 1057 3638 et
1085 3575 1204 3656 Pythius
1230 3577 1313 3656 apud

172 3662 344 3725 Ciceronem
367 3661 434 3723 loco
456 3662 532 3724 inira
554 3661 739 3724 recensendo
762 3661 857 3724 literis
876 3662 1063 3739 contrahunt,
1092 3669 1122 3722 ιι
1144 3679 1313 3724 consensus
1406 3647 1412 3702 .'

172 3746 332 3812 subiceret.
378 3746 445 3820 Quo
467 3747 535 3809 leco
558 3764 645 3824 quum
669 3748 706 3808 de
729 3746 876 3826 emptione
898 3747 1066 3810 venditione
1089 3753 1211 3826 agatur,
1241 3753 1313 3826 post

171 3834 398 3916 disceptationes
429 3841 487 3896 tem
517 3831 553 3892 dc
583 3833 679 3912 pretio
712 3848 796 3914 quam
826 3832 863 3895 de
892 3830 1056 3894 vendendis
1085 3833 1173 3895 rebus
1201 3831 1311 3912 linitas,
1353 3897 1362 3906 ,

171 3934 336 3984 cousensus
358 3938 420 3982 noo
440 3920 506 3980 sirac
525 3918 628 3998 [ormo
649 3919 691 3996 lit,
712 3918 765 3980 sed
788 3936 836 3995 eo,
859 3917 969 3998 quod
956 3935 1043 4000 Jussu
1064 3913 1209 3998 emptoris
1230 3935 1312 3980 ven-

172 4003 249 4069 ditor
270 4007 412 4106 pretium
418 4005 456 4067 illi
479 4022 640 4085 expensura
666 4005 796 4066 lert-
821 4004 905 4067 iusta
928 4021 1017 4068 caasa
1039 4004 1163 4066 donatio
1187 4019 1312 4083 quoque
1423 3987 1424 4066 J

169 4096 225 4168 est,
249 4093 381 4170 quamvis
403 4091 432 4152 in
456 4091 663 4173 obligationum
687 4106 809 4154 numere
826 4090 959 4154 nonsit.

256 4173 285 4234 ll.
309 4178 373 4239 sive
393 4177 513 4255 latura:
535 4175 706 4257 Excipienda
728 4182 816 4256 rgriur
839 4193 924 4239 casus
944 4181 1024 4252 suni,
1045 4175 1075 4235 in
1098 4174 1204 4254 qulbus
1228 4173 1310 4236 obb-

168 4259 247 4343 gatie
270 4279 342 4322 vere
365 4261 577 4324 condicionalis
598 4262 751 4344 praecedit
758 4281 767 4337 3
798 4269 869 4325 tuac
891 4259 967 4323 eninr
990 4260 1222 4340 expensilatioue
1243 4277 1309 4320 oc-
1422 4339 1423 4344 ἵ

168 4353 273 4410 octar:
295 4345 332 4410 ci.
355 4346 374 4411 1.
397 4345 428 4428 8,
453 4347 468 4410 l
494 4354 525 4410 ιι
544 4347 564 4410 2
587 4347 624 4410 de
647 4355 756 4411 novati.
801 4347 895 4424 Quam
916 4365 977 4410 noa
998 4363 1102 4427 puram
1123 4363 1220 4429 ιιι,
1250 4344 1309 4408 sed
1422 4379 1423 4390 ι
