2866 5008
572 317 786 384 *bb-⁴

105 487 226 554 minimo
254 495 425 571 competere
448 487 613 564 existimes:
642 496 740 556 tameo
762 509 822 558 non
844 492 1041 578 chirografum
1064 503 1246 566 contractum

109 576 231 638 videtur
253 571 428 655 perfecisse,
449 575 506 638 sed
519 569 686 657 chirografo
701 580 853 660 proposito
868 579 978 644 solutio
992 581 1007 646 f
1010 580 1047 645 iri
1053 585 1160 666 gitur
1181 607 1245 650 oo·

107 660 269 724 musitae.
315 661 413 734 Quare
435 673 583 743 uunquam
604 663 699 725 literis
720 665 769 727 tali
795 665 888 731 modo
915 669 1109 748 contrahitur,
1127 670 1181 734 ssd
1203 673 1244 735 li-

108 755 194 810 tensa
223 747 490 830 praesumptionem
515 749 591 830 juris
621 755 651 811 ct
679 748 717 811 de
748 752 813 832 jure
842 758 911 816 toro
940 753 1084 833 afficiunt,
1112 771 1152 819 rc
1175 771 1248 824 esre

108 840 299 900 commotam.
700 863 702 866 ·

149 965 151 972 .
195 917 362 982 &cundum
385 920 568 1002 propositam
596 920 687 1003 gius.
714 923 892 986 sententiam
919 924 1073 988 lustirhani
1102 927 1197 991 rerba
1215 927 1248 992 io

108 1005 151 1069 tta
172 1003 199 1067 J.
218 1003 258 1068 ale
287 1005 320 1067 h.
343 1003 379 1068 0.
400 1004 445 1080 lll,
462 1003 507 1096 at
532 1007 750 1087 interpretenda
773 1016 848 1074 sumt.
887 1009 954 1083 Ouo
969 1010 1036 1073 loeo
1052 1018 1248 1094 posteaqoon

108 1091 370 1171 vetrolitsraruro-
386 1090 529 1172 obligatio
546 1093 658 1174 vpaucis
687 1094 783 1174 iisque
812 1095 948 1168 obscuris
978 1096 1082 1160 sorbis
1111 1099 1247 1165 mactatu

108 1183 164 1255 ost,
187 1176 235 1240 his
252 1179 415 1260 inperator
435 1179 550 1260 pergit:
706 1254 708 1258 Ι
905 1231 907 1236 χ

198 1263 310 1341 „Pione
327 1263 356 1328 ai·
375 1263 442 1344 quis
465 1264 576 1326 debore
593 1281 626 1326 oc
645 1265 809 1346 scripserit,
832 1265 912 1347 quod
935 1266 963 1330 ci
984 1273 1175 1331 humentium
1186 1277 1248 1334 iton

102 1353 173 1426 est,
194 1348 232 1412 dc
255 1349 378 1431 pecunia
400 1349 692 1417 minimemumerata
708 1358 780 1430 port
804 1351 962 1416 multum
984 1355 1129 1433 torporis
1148 1373 1247 1418 exce-

110 1435 241 1516 ptionem
264 1452 416 1517 opponere
438 1452 497 1497 mom
520 1442 618 1516 potest
625 1457 635 1512 3
665 1436 722 1500 hoc
744 1438 822 1499 enim
851 1438 1026 1518 saepissima
1056 1440 1249 1504 constitutum

111 1527 168 1583 cat.
201 1518 577 1600 statuunculam
598 1523 684 1603 queri
706 1541 765 1586 non
787 1531 896 1604 potest,
918 1525 1121 1604 scriptura
1144 1525 1247 1592 ocuti·

108 1613 247 1688 getur3
281 1613 311 1668 et
339 1625 379 1670 ex
408 1624 443 1670 ea
473 1608 650 1672 nascitur
680 1607 902 1685 condictio,
926 1615 1112 1674 cessante
1133 1611 1246 1674 scili-

108 1699 175 1755 cet
197 1693 409 1756 verborum
432 1692 694 1774 obligatione.
740 1693 860 1756 hfuftum
883 1701 981 1756 autem
1004 1702 1117 1776 tompus
1140 1697 1169 1758 ir
1191 1695 1247 1760 hoo

29 1825 31 1830 .
109 1779 289 1860 exceptione
311 1783 398 1840 antea
420 1779 536 1857 quidem
560 1797 599 1840 ex
617 1779 841 1860 pmnoipolibus
864 1781 1126 1847 comisationibus
1151 1797 1248 1863 usqne

109 1864 146 1926 ad
168 1864 398 1945 quinquennium
420 1864 600 1944 procedebat
607 1885 617 1940 3
647 1865 702 1927 sed
729 1884 769 1927 ne
797 1866 963 1930 credituras
991 1867 1104 1928 simbus
1128 1868 1250 1946 possint

108 1951 174 2012 sois
199 1950 340 2030 pecuniis
364 1950 497 2029 forsitan
525 1951 721 2031 defraudari,
755 1969 809 2031 per
843 1952 1084 2016 constitutionem
1114 1959 1247 2016 nostram

109 2043 224 2117 tempos
246 2042 425 2099 commatum
449 2043 504 2114 est,
526 2044 558 2099 ut
581 2037 655 2100 ultra
677 2037 786 2100 hicnmi
809 2043 902 2101 metas
924 2036 1128 2102 huiuscemodi
1150 2057 1247 2104 exce-

109 2123 172 2203 ptio
193 2122 314 2184 minima
333 2120 538 2184 extendatur.“
692 2161 696 2168 ·
1100 2171 1105 2178 .

200 2207 399 2288 „Principales
421 2206 664 2270 constitutiones“
697 2207 753 2270 lroe
782 2208 857 2271 loco
880 2208 986 2270 citatae
1014 2203 1138 2270 eaedem
1166 2215 1247 2287 enno

110 2309 186 2374 qoea
206 2312 296 2375 supra
319 2292 466 2374 explicare
489 2292 662 2355 studuimus.
695 2293 752 2356 Pro
778 2291 901 2373 „queri“
916 2301 985 2357 ,nott
1009 2311 1078 2366 esso
1103 2293 1244 2374 „quaeri‘

110 2377 280 2462 legendum,
303 2378 421 2460 propria
443 2395 521 2441 voce
543 2379 684 2457 „querela
705 2394 765 2442 non
789 2384 961 2444 numeratae
983 2377 1147 2459 pecuniiue“
1170 2388 1246 2462 pro-

109 2467 203 2530 batur.
250 2466 389 2545 „Debere
411 2481 446 2527 se
467 2462 607 2528 solute:
638 2475 715 2544 orgo
736 2463 837 2528 debito
866 2463 1012 2544 scriptura
1033 2464 1156 2535 nither.
1186 2475 1249 2530 roo

108 2554 174 2634 ipsa
195 2549 323 2615 dubium
346 2551 446 2631 efficit.
491 2549 579 2624 Quod
598 2557 696 2616 autem
728 2551 892 2630 „scripturo
913 2549 1059 2630 obligari*
1086 2551 1248 2632 imperator

110 2639 196 2715 dicit,
226 2644 334 2701 eontra
349 2638 428 2718 ipsas
450 2636 534 2718 leges
557 2643 588 2699 et
608 2643 712 2700 contra
734 2644 865 2700 naturam
896 2642 1099 2700 contractuum
1121 2637 1252 2717 deduce

110 2723 228 2802 nequit;
251 2723 399 2786 diversum
421 2729 478 2800 est,
500 2724 526 2786 si
548 2729 651 2786 contra
673 2722 758 2803 leges
782 2722 830 2785 val
852 2729 955 2786 costra
977 2723 1120 2788 rationem
1135 2741 1248 2784 oooom

109 2809 228 2890 aliquid
248 2811 397 2873 macerit.
436 2809 477 2872 Er
499 2808 577 2888 quoti
605 2807 719 2891 adJ'icit:
740 2815 909 2887 ·„.oessamte
938 2808 1098 2871 verborum
1129 2807 1247 2890 ohliga-

110 2894 229 2958 tione“:
253 2913 355 2974 neque
374 2895 531 2957 verborum
551 2910 606 2954 neo
620 2893 769 2955 literarum
784 2893 954 2972 proprietas
966 2893 1174 2973 requirebatur
1188 2897 1248 2956 onie

113 2999 202 3063 quarn
232 2981 262 3042 in
291 2980 413 3060 negotio
441 2980 505 3058 ipsa
528 2977 650 3039 dotium
678 2978 750 3040 satis
779 2977 924 3058 perfecto.
968 2977 1096 3042 blasima
1119 2977 1248 3058 deniqne

109 3067 188 3129 ratio
210 3063 406 3127 comctandao
427 3062 613 3142 exceptionis
636 3081 694 3141 „me
717 3063 900 3126 creditores“
919 3070 976 3125 cto.
1000 3081 1057 3142 pro
1071 3062 1156 3145 nohis
1174 3079 1248 3124 cor-

109 3158 151 3214 tat
159 3170 168 3226 3
192 3166 262 3210 nans
281 3149 397 3210 minime
425 3145 617 3212 defraudatur
645 3149 792 3227 creffltor,
821 3147 875 3211 sod
895 3147 962 3232 ipse
991 3147 1025 3208 in·
1044 3145 1150 3210 frande
1172 3153 1252 3225 erute

111 3237 163 3302 ubi
185 3234 301 3298 debitor
324 3234 391 3296 nihil
414 3252 448 3298 sa
471 3235 622 3314 accepisse
640 3233 762 3312 probat

198 3319 377 3402 Theophilus
399 3320 447 3384 itta
470 3313 550 3383 hicce
571 3319 792 3400 interpretatur:
832 3353 835 3358 ·

204 3406 270 3486 „fix
289 3425 327 3472 rc
346 3425 410 3470 mon·
428 3413 475 3470 eet
496 3404 652 3486 obligatus,
675 3405 726 3486 qui
746 3403 819 3466 mihil
832 3402 964 3484 accepit3
984 3401 1147 3466 barborum
1167 3400 1249 3466 obii·-

116 3493 197 3575 gatio
221 3508 291 3558 ease
304 3493 306 3498 ’
319 3494 438 3573 nequit,
472 3493 521 3554 ubi
549 3489 697 3572 stipulatio
722 3489 804 3555 *nulla
832 3489 1003 3570 interposita
1023 3496 1085 3566 θείς
1113 3495 1252 3571 superest

117 3581 218 3661 igitur,
240 3585 272 3640 ut
294 3579 391 3640 literis
412 3577 557 3659 obligatur
581 3576 648 3639 sit.“

149 3687 153 3700 ’
201 3663 261 3728 Sed
282 3665 393 3726 rectius
415 3663 555 3744 proferto:
573 3662 710 3726 dixbsot:
743 3661 919 3742 „literarium
940 3661 1079 3744 obligatio
1099 3677 1170 3724 csse
1191 3673 1250 3723 ne-

118 3749 195 3830 quit.
212 3751 262 3812 uhi
284 3750 447 3830 scripturae
468 3748 636 3830 proprietas
660 3755 783 3810 emtore
802 3747 898 3812 formo
918 3746 1000 3811 nullo
1019 3753 1083 3824 est,
1104 3752 1152 3822 ot,
1173 3762 1252 3824 quae

115 3835 168 3900 fuit
188 3836 217 3898 in
236 3836 313 3916 Jurc,
326 3835 472 3912 Romano,
493 3835 522 3896 iu
545 3833 767 3898 desuetudinem
789 3834 888 3897 obtine

204 3921 304 3994 Quare
327 3920 469 4002 obligatio
490 3923 555 3983 sino
578 3917 635 3981 ulla
664 3920 848 4000 proprietate
875 3921 973 3992 osset,
1003 3911 1083 3994 quod
1104 3911 1170 3976 lieri
1191 3929 1250 3974 mo-

117 4007 188 4086 qoit.
233 4006 292 4070 Sed
314 4005 398 4068 mula·
411 4004 467 4067 ifle?
481 4003 611 4068 distinxit
632 4004 710 4067 inter
731 4003 777 4080 id,
799 4000 879 4084 quod
899 3999 1008 4062 factum
1030 4005 1093 4078 cst,
1122 4005 1152 4062 ct
1173 3997 1252 4060 inter

16 4109 17 4154 t
117 4090 157 4169 id,
179 4090 270 4172 quod,
291 4091 422 4172 quamvis
445 4105 504 4153 uon
527 4090 565 4152 sit
585 4090 710 4166 lactum,
725 4090 799 4166 jore
820 4093 917 4148 tamen
939 4084 1047 4148 factum
1065 4093 1250 4166 mommsen«

119 4184 168 4240 tur
189 4194 269 4242 essa.
314 4182 358 4239 ua
372 4177 446 4256 jure
466 4174 555 4256 igitur
575 4193 611 4239 re
631 4174 680 4237 illo
703 4189 775 4235 casu
797 4177 976 4236 contractum
998 4177 1053 4235 cst.
