2866 5008
667 248 885 318 ...ιμ-

202 421 365 510 W
381 422 587 506 scriptumne
608 419 816 504 emoseurqoa
836 418 959 508 geraris
980 415 1101 486 notione
1115 423 1283 502 mmpmr.
1308 417 1345 482 ln

203 511 292 578 anem
313 519 410 578 tomen
431 527 537 574 errare
558 507 738 591 Theophilus
760 511 847 576 mann
870 503 1344 586 accommodatissimam

204 599 391 682 scripturam,
413 615 489 676 quse
511 596 629 678 majoris
648 595 721 675 fidei
740 615 830 660 cmssr
852 614 868 659 a
892 594 1056 678 peregrinis
1075 591 1278 656 cornamento
1291 593 1345 654 in-

205 686 322 768 terponi
342 684 434 748 solita
455 683 492 746 sit
506 682 635 762 toeeqoe
650 681 686 746 ad
699 681 1024 762 Romanoauanstertr,
1045 680 1141 758 ipsum
1156 685 1345 760 ¹constructurus

203 773 359 854 moero,
381 769 583 832 marmium
602 786 684 847 esse,
704 776 874 850 emmaque
895 767 1006 830 babere
1027 765 1152 829 iormam
1171 765 1346 828 mediderit.

204 857 294 924 Gaius
316 873 404 922 erres
424 857 488 937 ipss
508 853 700 920 eoobshendi
721 854 845 920 formula
867 856 903 918 ab
925 853 1072 918 iloallata
1094 851 1238 916 elucebit:

293 953 370 1031 Τοὺς
384 962 518 1040 persoir,
540 953 591 1030 ὃυς
613 951 674 1039 ἐμοὶ
696 953 728 1028 ἐξ
746 953 837 1029 aaa<
916 961 1066 1038 χρεωςεῖς,
1087 949 1123 1017 ab
1144 952 1179 1017 ia
1198 950 1347 1036 συνθήκης

204 1041 256 1112 arni
278 1041 431 1129 ὁμολογίας
451 1039 555 1116 δώσεις
574 1052 631 1108 τῶν
651 1039 766 1108 rhetos
787 1039 977 1128 ppappoirocm
999 1077 1049 1106 -.
1065 1033 1118 1106 'Ea
1132 1045 1185 1126 rip<
1197 1039 1347 1125 acrbiprqc

206 1129 317 1217 ὀφείλω
339 1139 396 1197 τῶν
418 1127 530 1194 Mea
552 1125 733 1213 γραμμάτων.
977 1147 980 1155 ’

294 1234 367 1302 Cum
389 1253 461 1300 rere
482 1235 545 1298 Gaii
567 1235 716 1298 literarum
740 1233 919 1316 obligatione
950 1234 1024 1297 haec
1043 1233 1168 1302 'lormuia
1191 1231 1260 1300 ideo
1284 1246 1346 1296 non

208 1325 357 1401 convenit,
379 1323 447 1404 qnia
469 1322 555 1385 etiam
571 1321 731 1402 dicebatur,
753 1321 832 1386 unde
848 1323 925 1384 inter
940 1322 1079 1384 absentes
1091 1319 1248 1402 Theophili
1267 1337 1347 1383 oon-

203 1416 319 1476 traelus
337 1409 405 1488 ,neri
427 1425 488 1472 non
509 1414 633 1490 poterat.
675 1407 787 1470 Verum
802 1414 899 1472 tamen
916 1405 1131 1488 quodammodo
1150 1403 1347 1487 Theophilum

204 1497 341 1562 sanasse
373 1489 511 1575 „inceium
539 1487 732 1578 perpetrem
764 1494 872 1557 mentio
902 1493 1016 1576 probet.
1068 1493 1150 1566 Quae
1179 1491 1346 1556 secundum

206 1583 343 1652 licinium
369 1581 487 1664 quidem
505 1580 728 1660 „tharsaticam
745 1577 1233 1662 sunqaecunoumcononeoum
1250 1597 1347 1662 „pro-

207 1670 316 1757 priac‘
323 1689 333 1745 3
362 1670 469 1731 stricto
491 1677 588 1730 tamen
611 1668 694 1730 vocis
716 1667 957 1750 interpretatione
979 1661 1058 1746 (sec
1088 1665 1269 1728 domesticae
1290 1685 1346 1729 ra·

208 1751 328 1838 tiones)
351 1753 531 1835 Theophilus
551 1752 768 1836 quodammodo
784 1760 884 1816 contra
900 1752 1068 1834 Savipnium
1084 1769 1115 1834 p.
1132 1751 1196 1816 210
1207 1769 1272 1833 sqq.
1289 1751 1347 1816 de-

208 1841 356 1914 fenditur3
379 1840 447 1902 dico
470 1837 737 1918 „quodammodo“,
760 1858 824 1902 nom
847 1857 902 1922 per
924 1838 1106 1920 syngralum
1130 1855 1188 1902 non
1210 1855 1266 1920 per
1288 1857 1346 1903 oo-

211 1927 305 1992 dicem
336 1925 412 2010 epod
442 1923 633 2006 Theophilum
663 1925 856 1988 contrahitur:
887 1932 985 1987 tamen
1014 1924 1154 2008 syngraia
1182 1925 1346 1988 secundum

206 2014 289 2077 illum
312 2018 492 2076 contractum
516 2009 659 2073 literalem
681 2011 749 2072 sola
763 2028 821 2074 non
836 2010 959 2094 perlicit,
982 2029 1070 2092 quum
1086 2010 1236 2072 sollemnia
1253 2013 1347 2074 verbo

210 2099 404 2163 stillaticia
428 2097 547 2160 codices
573 2098 720 2160 accedere
741 2096 857 2160 debent.
910 2097 1027 2160 Cortum
1051 2105 1148 2160 nutem
1172 2105 1235 2174 est,
1266 2115 1345 2161 con-

210 2203 333 2252 sensnm
356 2183 490 2248 codicum
513 2182 708 2266 plenissimam
738 2183 814 2266 apud
843 2183 991 2247 Romanos
1021 2184 1145 2266 perfecti
1175 2191 1348 2248 contractus

209 2273 411 2357 probationem
433 2271 627 2354 praestitisse.
671 2270 708 2333 lit
730 2270 805 2351 apud
828 2278 947 2334 veteres
970 2271 1088 2352 quidem
1110 2277 1191 2333 tanto
1211 2267 1348 2332 codicum

212 2359 373 2428 auotoritas
396 2365 468 2436 erat,
491 2364 524 2420 ut
546 2357 771 2456 expensilationi
793 2357 849 2421 soli
872 2357 1046 2454 crederetur
1068 2373 1162 2439 eaque
1185 2355 1348 2422 contrahe·
1417 2371 1418 2460 p

210 2453 310 2521 retur3
332 2451 437 2528 postca
459 2451 574 2521 tamen,
603 2445 645 2506 uti
674 2444 883 2507 Ciceronianae
914 2445 1063 2508 orationes
1090 2444 1198 2524 passim
1229 2442 1348 2522 docent,
1416 2467 1417 2530 q

211 2548 302 2611 saepe
325 2529 439 2607 accidi,
462 2537 494 2591 nt
515 2531 631 2610 injussu
653 2529 794 2592 debitoris
807 2545 969 2612 expensum
991 2530 1136 2605 terretur3
1157 2547 1250 2614 saepe
1263 2530 1349 2592 etiam
1416 2543 1417 2621 p

211 2613 328 2678 debitor
350 2621 503 2698 acceptum
527 2615 654 2677 debitum
676 2633 736 2678 non
757 2615 899 2678 retulerat
921 2621 950 2678 et
971 2633 1041 2678 rens
1071 2617 1246 2680 constitutus
1278 2633 1350 2682 cre·

213 2701 314 2765 diteris
332 2703 386 2786 jus
407 2701 544 2782 negabat.
590 2700 653 2773 Ona
675 2701 704 2763 in
727 2699 897 2765 difficultate
919 2703 1057 2765 creditori
1080 2702 1255 2766 tutissimum
1275 2709 1350 2780 erat,

212 2789 387 2873 scripturam
409 2785 556 2868 proferre,
579 2805 636 2868 qua
659 2786 775 2851 debitor
793 2796 854 2852 mm
874 2787 966 2868 ipsum
983 2787 1111 2851 debitum
1134 2806 1221 2869 quam
1244 2787 1350 2851 oredi-

210 2874 285 2938 ton's
302 2873 353 2953 jus
375 2875 500 2954 expensi
522 2873 638 2938 ferendi
661 2878 690 2935 et
712 2874 803 2954 ipsius
819 2872 948 2937 alsaciam
964 2875 1077 2958 accepti
1099 2873 1248 2938 referendi
1272 2889 1351 2936 con·

213 2959 357 3026 litaretur.
403 2959 532 3033 Quarum
554 2961 764 3040 sculpturarum
794 2977 878 3024 rusum
900 2958 982 3040 apud
999 2959 1175 3041 peregrinos
1197 2959 1352 3042 vulgatum

210 3047 411 3132 reperiebant.
453 3046 536 3120 Quas
559 3041 665 3109 codem
691 3046 776 3126 plene
801 3049 871 3129 juro
895 3044 1099 3126 „claboprala“
1124 3046 1173 3108 vel
1198 3063 1352 3133 „syngra-

212 3133 277 3198 ias¹‘
302 3131 547 3218 appellareiicet.
595 3130 766 3214 „harlham
791 3134 879 3216 igitur
904 3127 970 3212 „noi
992 3127 1148 3213 bpoiopia“
1173 3147 1274 3195 earnm
1296 3151 1352 3196 re-

212 3222 324 3284 tianum
346 3221 443 3297 tiebat,
465 3221 482 3280 i.
507 3239 533 3282 e.
556 3227 707 3300 acceptum
731 3225 762 3280 et
783 3236 947 3300 expensum
970 3217 1102 3282 eiusdem
1125 3219 1296 3299 quantitatis
1314 3237 1353 3280 ex

212 3323 363 3369 consensu
386 3307 439 3369 ani
457 3305 651 3368 instrumento
667 3305 835 3369 tradebatur
849 3299 1016 3472 (wliiiie
1025 3324 1036 3379 ;
1057 3306 1216 3368 auotoritas
1232 3307 1353 3369 utrius·

245 3409 273 3452 re
295 3391 410 3454 codicis
428 3391 484 3454 boo
507 3407 565 3452 ono
580 3388 725 3472 syngralo
741 3390 973 3472 conjungebatur
1009 3383 1183 3474 hpo'hop'a];
1203 3407 1262 3452 nec
1279 3407 1353 3454 rcus
1415 3437 1416 3498 ἰ

243 3475 344 3539 ‘bitum
367 3493 478 3558 negare
499 3483 635 3557 poterat,
666 3475 798 3556 momnis
828 3475 956 3550 lortein
979 3477 1111 3556 codicem
1138 3475 1256 3542 referre
1282 3476 1354 3541 dolo

212 3561 291 3626 malo
311 3562 478 3636 omitteretr
500 3569 581 3629 stare
603 3560 731 3625 debebat
752 3580 825 3624 suae
847 3557 1036 3624 confessioni.
1082 3563 1147 3636 Ouo
1165 3560 1278 3625 iactum
1297 3570 1354 3642 est,

215 3654 248 3713 ut
270 3642 307 3711 e'd
330 3651 476 3734 majorem
494 3648 683 3712 scarritciom
706 3649 814 3710 [eratum
836 3665 907 3710 mox
920 3649 1023 3711 literae
1038 3647 1105 3710 illae
1119 3650 1354 3730 interponeren-

213 3739 277 3799 tur:
298 3751 367 3798 nam
384 3733 476 3797 'talem
500 3733 688 3814 sponsionem
711 3735 876 3815 verbalem,
905 3731 1020 3816 qualem
1051 3733 1228 3816 Theophilus
1252 3737 1354 3814 tradit,

214 3823 370 3886 macellis
392 3819 548 3904 podicibus
570 3825 600 3880 ct
617 3821 772 3901 spaprads
792 3827 860 3902 post
882 3839 989 3884 annum
1013 3827 1100 3882 ¹certe
1130 3819 1194 3887 469
1220 3827 1354 3885 eomm-

216 3916 294 3974 ctum
312 3909 481 3992 ,perfecisse
503 3920 528 3970 c.
544 3905 585 3970 10
605 3903 645 3968 de
668 3905 797 3969 contrah.
820 3908 885 3987 stip.
909 3905 977 3986 Vlll,
1004 3901 1046 3969 38
1068 3906 1218 3988 probatur.
1248 3905 1354 3992 liquo

214 4001 348 4077 tempore
371 4003 484 4059 centurn
508 3999 564 4071 cst,
585 3993 744 4055 nisiinter
764 3991 900 4054 absentes
920 3993 956 4054 id
973 3993 1066 4072 ficret,
1085 3993 1181 4071 literis
1203 4009 1263 4055 non
1282 4011 1354 4058 esse

204 4088 414 4156 toontractum3
434 4079 490 4144 sed
512 4079 615 4142 literae
636 4078 820 4141 accedebant
833 4085 1005 4142 contractae
1020 4078 1197 4160 stipulationi
1213 4095 1273 4142 non
1290 4097 1353 4142 reo-

214 4165 318 4236 oaadi,
339 4164 395 4228 sed
411 4164 567 4246 probandi
588 4164 626 4227 vi.
668 4164 909 4240 interabsentes
930 4170 1027 4228 autem
1054 4163 1209 4248 Theophili
1231 4164 1353 4246 quidem
1414 4205 1415 4240 q

213 4249 364 4356 merorum
387 4251 527 4334 obligatio
537 4247 612 4315 'beri
634 4251 757 4360 niobae·
768 4257 903 4358 poteram
925 4249 1103 4354 etmdicnm
1118 4243 1354 4347 domesticorum
