2866 5008
646 283 846 370 ..β’-ζ

381 513 417 577 o.
438 505 466 566 3.
510 501 586 566 Ordo
607 511 726 580 permar
747 499 931 560 anastase·
950 515 1093 577 peamau.

265 646 329 726 „lle
351 641 541 719 contrabitur,
562 644 613 703 aut
630 638 744 738 uerbis,
765 643 815 702 aut
835 635 939 736 literts,
962 641 1011 702 aut
1032 631 1220 702 mateasu“:
1243 633 1310 713 §.l

174 731 199 794 l.
220 731 259 796 de
280 730 359 812 tidaj.
381 727 433 807 lll,
455 726 498 790 20
518 750 562 782 =
583 724 646 790 Gar.
667 723 719 801 itt,
743 723 805 788 119
831 743 852 786 a
873 721 894 788 i.
924 723 955 800 s.
978 721 999 784 2
1021 717 1042 784 l.
1066 719 1105 784 dc
1126 719 1162 784 0.
1185 719 1241 804 tlt,
1263 719 1314 786 13.

180 816 242 882 Gal·
263 813 440 965 gknffipus
467 899 524 979 rbi,
552 897 601 978 qui
630 915 778 962 ammosa
797 895 845 974 lit,
871 901 1008 960 extremo
1029 849 1099 958 loco
1120 894 1234 974 positus
1256 901 1313 974 esi,

179 990 246 1070 quia
268 987 337 1050 nibil
358 991 475 1069 praeter
498 1001 676 1050 consensum
698 983 837 1064 requirit3
859 982 927 1063 quia
948 979 1043 1044 nudus
1059 997 1118 1044 noa
1134 979 1314 1060 generalitor

179 1075 290 1157 obligat
311 1089 484 1150 consensus,
505 1070 562 1134 sed
580 1071 609 1134 in
624 1070 728 1151 paucis
746 1069 843 1132 solum
858 1075 889 1130 et
901 1067 992 1132 certis
1007 1067 1153 1150 negotiu
1175 1065 1313 1147 deniquo,

178 1154 246 1242 quia
267 1161 365 1223 bonae
385 1157 455 1220 lidei
476 1163 587 1221 tantum
609 1157 753 1219 actionem
775 1153 860 1236 parit.

263 1244 380 1326 Reliqui
400 1249 573 1308 contractus
593 1247 624 1304 et
645 1241 825 1322 generaliter
846 1246 877 1303 et
898 1257 939 1306 ex
958 1239 1061 1304 1111111
1080 1241 1148 1322 jura
1172 1236 1312 1320 obligant.

179 1332 329 1410 Quorum,
360 1331 415 1410 qui
431 1348 467 1391 ra
487 1329 529 1406 lit,
550 1346 675 1392 numero
697 1328 808 1408 primus
831 1333 894 1405 est,
924 1326 992 1406 quia
1013 1333 1072 1388 tam
1090 1330 1159 1408 jure
1181 1325 1313 1406 gentum

179 1435 264 1496 1111]
283 1416 354 1496 jura
376 1415 453 1478 civili
474 1413 640 1479 facultatem
661 1420 692 1476 et
714 1412 864 1478 materiam
887 1411 1036 1496 obligandi
1058 1411 1198 1476 continet.
1269 1460 1273 1468 ,

265 1501 433 1580 Sequuntur
455 1500 515 1564 duo
537 1506 704 1562 contractus
725 1499 878 1579 formatae,
901 1516 1028 1580 quorum
1050 1497 1206 1576 stipulatio
1228 1496 1313 1577 prio·

177 1605 242 1652 rem
263 1587 360 1650 locum
382 1587 495 1668 optinet
517 1604 535 1646 a
557 1587 653 1648 causis
675 1603 766 1666 supra
786 1587 910 1673 altatis„
934 1585 1022 1661 ltam,
1044 1582 1124 1663 quod
1147 1582 1185 1645 ad
1207 1601 1312 1645 esem-

178 1673 260 1756 plum
280 1673 356 1739 alius
378 1674 423 1735 rei
444 1678 492 1736 est
512 1672 689 1748 institutum,
716 1689 843 1736 necesse
864 1678 910 1734 est
933 1671 1083 1734 recentius
1106 1670 1143 1733 sit
1165 1675 1313 1749 tempore:

178 1761 264 1839 quia,
286 1757 422 1838 quamdiu
443 1759 518 1839 intra
539 1774 641 1820 muros
664 1757 745 1820 urbis
767 1764 828 1819 tcta
850 1757 951 1820 ciuitas
974 1756 1195 1833 continebatur,
1217 1753 1312 1818 forma

177 1843 448 1928 nonagebatinter
466 1843 603 1906 absentes
626 1841 834 1918 contrahendi3
857 1859 926 1918 non,
949 1843 990 1906 uti
1011 1843 1138 1924 saepius.
1151 1841 1314 1905 contendi·

175 1937 243 2008 tur,
273 1929 340 2010 quia
371 1945 446 1990 voce
474 1928 555 2008 prius
577 1927 677 2008 populi
699 1927 815 1990 discunt
842 1947 927 2008 quam
953 1929 1097 2009 scriptura
1118 1927 1311 1999 contrahere:

179 2013 261 2095 quod
281 2014 414 2094 quamvis
435 2013 608 2094 pleramque
629 2015 668 2075 ita
686 2031 720 2075 se
736 2014 851 2090 babent,
874 2031 994 2078 censum
1010 2021 1106 2078 manen
1118 2017 1177 2097 jam
1191 2013 1313 2078 Serninus

176 2099 289 2163 'tullius
311 2101 448 2176 instituit,
477 2117 586 2171 census
608 2103 707 2162 autam
728 2099 881 2164 codicibus
904 2099 1073 2165 domesticis
1095 2102 1204 2164 aititur.
1248 2099 1314 2175 Alia

179 2187 267 2248 etiam
287 2187 497 2262 instrumenta,
521 2202 597 2265 quae
619 2192 704 2246 extra
726 2185 846 2248 codices
869 2187 1065 2267 vagabantur,
1087 2187 1187 2267 prinis
1207 2204 1313 2266 respu-

178 2272 272 2336 blicae
299 2273 481 2353 temporibus
510 2269 540 2344 in
569 2288 625 2334 usu
655 2269 791 2334 ridentur
818 2271 926 2336 luisse:
956 2273 1102 2336 Gneistlus
1124 2293 1153 2354 p.
1176 2269 1313 2353 taasqq.
1421 2279 1422 2286 ’

178 2356 226 2420 ad
248 2357 461 2422 similitudinem
483 2363 582 2420 autom
609 2357 802 2437 stiprdatioeis
830 2359 981 2434 literarum
1011 2359 1217 2441 obligationem
1246 2373 1315 2422 ease
1421 2373 1422 2382 ¹

180 2462 363 2524 expressam,
383 2444 467 2506 multi
489 2444 576 2515 etiam
597 2443 678 2506 Pauli
696 2440 767 2524 (lib.
783 2443 819 2507 111
834 2446 870 2508 ad
886 2441 991 2526 edict.)
1013 2446 1081 2527 lage
1104 2444 1146 2507 38
1168 2445 1205 2506 de
1225 2443 1261 2507 0.
1284 2451 1316 2508 et

179 2529 218 2592 A.
241 2529 348 2607 XLIV,
370 2526 390 2588 ¹i
412 2528 530 2590 student
552 2527 682 2592 efficere.
725 2530 804 2593 Inter
831 2548 907 2610 quos
928 2530 1066 2610 princeps
1087 2531 1256 2594 Brissonius
1278 2529 1316 2595 dc

178 2613 267 2678 torm.
291 2614 337 2693 Vl,
362 2612 423 2674 109
446 2631 473 2696 p.
498 2613 632 2696 bltsqq.
656 2623 727 2680 erat.
771 2615 846 2679 Sunt
867 2621 964 2678 autem
985 2614 1059 2677 bace
1080 2615 1159 2678 Pauli
1179 2617 1287 2688 uerba:

179 2729 181 2736 ·
226 2699 312 2780 „Nan
333 2699 427 2782 ligaua
448 2701 615 2779 literarum,
644 2700 697 2766 sed
721 2702 871 2778 oratione,
902 2719 987 2780 quam
1009 2702 1181 2783 exprimunt
1202 2702 1316 2782 literae,

165 2783 184 2830 ἶ
223 2787 405 2867 obligamur3
427 2793 570 2868 quatenus
594 2787 708 2867 placuit,
731 2805 794 2849 non
812 2788 906 2850 minus
929 2787 1039 2866 valere,
1059 2786 1141 2868 quod
1159 2789 1314 2871 scriptura,

224 2889 309 2952 quam
332 2872 412 2952 quod
434 2874 557 2936 vocibus
579 2873 676 2954 lingua
698 2871 831 2953 figuratis
853 2873 1100 2954 significarent
1303 2875 1309 2880 '

150 2976 153 2984 ’
268 2957 363 3031 Quem
385 2958 427 3020 illi
447 2958 545 3024 laeum
568 2959 701 3020 mutilare
724 2958 931 3039 compilatores
961 2959 1068 3026 oblitos
1092 2967 1316 3040 consecrasse,

177 3044 295 3107 autad
324 3044 491 3128 chirografo
519 3044 635 3123 aliaque
666 3044 859 3108 instrumenta
888 3047 1033 3112 retulisse.
1078 3046 1137 3110 Sed
1166 3046 1315 3110 literarum

176 3129 475 3214 .obltgattot0rmatts
498 3136 668 3194 contractus
691 3130 754 3196 sine
777 3130 871 3194 torma
894 3130 1014 3211 luisset,
1041 3135 1098 3208 pisi
1126 3141 1207 3197 certa
1229 3133 1316 3198 111111

176 3217 279 3296 ¹fipurn
300 3217 450 3278 literarum
471 3216 585 3294 luisset,
607 3218 649 3280 uti
671 3217 700 3278 in
722 3217 907 3298 stipulatione
929 3227 1012 3282 certa
1033 3220 1136 3282 oerbc.
1181 3219 1316 3282 Genera
1416 3239 1417 3242 ¹

179 3301 249 3364 liter
267 3302 356 3380 igitur
378 3299 486 3362 Paulus
508 3303 599 3364 narba
622 3310 652 3362 et
674 3303 773 3365 literas
796 3306 872 3366 inter
889 3320 929 3364 -se
950 3312 1116 3384 comparat;
1138 3324 1199 3370 non
1221 3304 1259 3367 de
1275 3304 1316 3368 li·-

177 3393 309 3448 terarum
332 3383 512 3464 obligatione
534 3393 564 3447 et
585 3384 623 3448 dc
641 3376 826 3466 stipulatione
846 3387 972 3468 disserit,
991 3390 1048 3454 sed
1067 3391 1104 3453 de
1118 3391 1315 3457 contractibus
1415 3451 1416 3454 ,

178 3469 278 3551 potius
300 3470 432 3550 poetisve
454 3471 484 3531 in
507 3471 679 3551 scripturam
702 3471 840 3536 redactis.
871 3475 936 3556 lpse
955 3477 1031 3539 enim
1048 3478 1149 3558 tipus-a
1165 3478 1314 3548 literarum

179 3555 445 3633 expensilatioaem
474 3557 604 3636 perficit3
634 3557 663 3617 in
693 3559 890 3623 contractibus
920 3579 993 3625 vero
1015 3566 1180 3645 scripturae
1202 3562 1315 3633 traditis

181 3639 320 3720 obligatio
342 3640 441 3703 uerbis
463 3642 549 3720 inest,
572 3660 632 3706 non
651 3642 745 3706 literis
752 3664 762 3719 ;
784 3647 928 3726 scriptura
950 3649 1039 3731 igitur
1058 3652 1118 3728 *boc
1137 3668 1209 3714 casu
1225 3650 1315 3712 mut„

175 3743 228 3786 me
251 3732 394 3804 novatur,
423 3727 477 3790 sed
507 3729 599 3793 uerba
621 3737 789 3794 contractus
812 3733 1027 3800 custodiuntur.
1070 3737 1170 3817 ltaque
1192 3744 1316 3801 cantra-
1413 3795 1414 3812 2

179 3811 310 3877 beatium
333 3811 467 3876 volumus
489 3831 580 3878 sensu
601 3814 751 3880 literarum
780 3835 876 3898 aeque
903 3827 1000 3899 potest
1020 3822 1142 3903 intelligi
1162 3841 1201 3886 ao
1221 3841 1315 3886 sensu

179 3899 348 3978 verborum,
372 3919 449 3980 quae
471 3901 501 3964 in
524 3903 588 3981 ipso
611 3901 812 3965 contrahendo
835 3902 1027 3972 adhibuerint.
1056 3908 1204 3990 obligatio
1226 3910 1315 3990 igitur

179 3983 248 4046 buis
275 3987 379 4046 sasai
405 3989 551 4050 commum
573 3983 768 4070 (consensui)
797 3990 890 4070 inest,
921 4010 980 4058 non
1007 3996 1125 4074 formae
1153 3995 1313 4058 literarum.
1412 3983 1413 3992 ἦ

180 4068 302 4132 Videtur·
324 4077 421 4132 autern
443 4070 547 4134 Paulus
569 4073 598 4133 id
620 4074 801 4152 potissimam
824 4082 975 4162 spectare,
1004 4099 1042 4142 no
1071 4082 1137 4160 quis
1166 4084 1314 4164 scriptura

180 4151 219 4215 da
240 4161 394 4218 contractu
417 4155 494 4221 lacta
515 4160 621 4222 novari
644 4161 800 4226 existimat.
1411 4173 1412 4180 ’
