2866 5008
545 1151 669 1239 CAP.
700 1151 762 1234 111.

176 1409 181 1414 .
309 1341 368 1413 De
393 1341 535 1418 codice
561 1344 720 1439 accepti
746 1352 786 1414 ct
812 1303 1054 1438 expensi..
1137 1329 1141 1334 ⁵

582 1532 728 1540 ——-----

177 1644 205 1703 d.
226 1637 253 1696 7.
297 1637 340 1696 De
361 1640 499 1695 communi
518 1638 621 1694 motam
643 1645 670 1694 et
690 1637 819 1712 ymercli
839 1637 872 1692 in
892 1635 1002 1694 codices
1023 1633 1137 1692 domiuo

402 1745 405 1752 ¹
523 1725 665 1795 inserendi
685 1725 787 1794 officio.

95 1917 99 1926 -
172 1875 335 1944 Literorum
358 1876 565 1960 obligationem
587 1894 647 1940 uon
669 1876 733 1940 olio
749 1893 809 1957 quo
836 1875 992 1942 creditoris
1013 1871 1220 1950 instrumento,

87 1968 173 2023 extra
195 1961 327 2028 codicem
350 1963 445 2040 lacto,
474 1965 607 2045 potuisse
637 1963 787 2041 contrabi,
817 1961 1035 2027 euidentissime
1063 1959 1221 2041 Saviguiue

86 2048 193 2129 probat
213 2067 300 2131 pugg.
323 2049 512 2128 utu-221,
542 2057 572 2112 el
594 2047 655 2112 Gaii
685 2049 840 2116 autoritate
869 2055 975 2131 postea
1004 2047 1115 2129 reperti
1144 2045 1220 2110 illius

86 2137 261 2216 argumenta
282 2136 475 2200 vehementer
498 2135 716 2213 confirmantur.

173 2220 359 2284 Domesticos
380 2223 473 2304 igitur¹
492 2221 609 2299 codex,
638 2221 686 2285 ubi
701 2220 747 2282 ‚de
768 2219 964 2284 iuscribeudm
994 2217 1222 2301 obligationibus

86 2306 194 2388 agitur,
218 2307 336 2386 „codex
354 2309 467 2387 euccpti
482 2315 511 2368 et
522 2306 665 2387 expensi“
691 2307 868 2388 plerumque
883 2305 1054 2387 appellatur.
1088 2301 1148 2366 Cic.
1166 2319 1220 2383 pro

84 2391 174 2454 Rosc.
198 2391 281 2456 Com.
302 2392 331 2469 l,
352 2391 383 2454 t.
413 2392 450 2467 2,
473 2392 502 2458 5.
545 2393 610 2454 Uno
639 2392 716 2454 euim
738 2391 903 2472 eodemque
925 2390 1030 2454 codice
1052 2398 1119 2451 tam.
1132 2405 1223 2450 acce-

85 2484 167 2559 ptum
190 2496 277 2557 quam
299 2493 464 2557 expensum
486 2478 699 2543 continebatur.
743 2475 842 2552 Quare
864 2477 962 2540 miuus
991 2482 1129 2540 accurate
1160 2473 1225 2537 cic:

84 2564 117 2626 iu
139 2565 224 2629 Veru.
247 2562 274 2640 Ι,
304 2562 345 2626 23
368 2561 406 2626 de
427 2565 545 2642 accepti
568 2563 692 2641 tabulis,
722 2581 781 2627 nou
803 2563 918 2646 adjecta
948 2581 1024 2627 voce
1056 2558 1219 2641 „emersit

84 2648 239 2712 videretur
261 2650 356 2731 loqui,
386 2649 442 2712 uisi
465 2649 546 2711 multi
567 2649 687 2713 codices
710 2648 942 2730 pro·„accepti“
970 2647 1110 2728 „accepi⁴‘
1134 2647 1223 2728 lege-

85 2735 164 2798 rent.
210 2735 357 2815 „Tabulae
377 2736 494 2816 accepti
516 2741 546 2797 el
566 2735 710 2816 expensi“
743 2742 861 2798 exstant
888 2735 965 2816 apud
988 2733 1169 2804 ,Ciceronem
1191 2732 1220 2794 in

84 2821 171 2885 Verr.
194 2820 232 2899 ll,
256 2817 314 2898 76,
339 2819 401 2881 186
408 2840 418 2896 3
440 2821 570 2884 simililer
592 2823 722 2887 rationes
746 2811 1000 2903 argchtariorum‚
1030 2819 1060 2882 iu
1084 2835 1157 2899 quae
1183 2811 1222 2898 „ip

84 2901 300 3056 btgcoptdlluxaozi
320 2903 493 3054 {abacorum
525 2908 725 2986 pecuniarum·
737 2909 774 2970 sit
795 2908 905 2986 relata,
927 2905 1006 2988 apud
1027 2904 1222 2969 tustiniauum

84 2993 184 3057 eicto
247 3038 257 3070 ,
301 3038 310 3069 ‚
423 3069 426 3073 .
1133 3011 1135 3016 ’

172 3079 383 3156 Quamcunque
404 3077 494 3157 igitur
516 3083 724 3142 contraxerant
751 3079 961 3161 obligationem
974 3078 1065 3140 ⁴cives
1087 3075 1220 3153 Romani,

83 3164 150 3228 eive
173 3161 337 3228 creditores
365 3162 429 3224 aive
451 3161 620 3239 debitores,
650 3163 800 3233 codicibus
827 3163 885 3230 illic
915 3163 1028 3226 interro
1057 3160 1222 3234 debebaut3

83 3247 214 3330 quodsi
236 3256 285 3312 out
308 3245 376 3310 dolo
398 3246 475 3311 malo
497 3247 643 3310 faciebant
670 3254 720 3310 aut
741 3245 1086 3327 omittebaut‚··iotomic
1114 3245 1223 3328 punie-

82 3336 201 3400 baum.
246 3333 347 3414 Turpe
369 3333 445 3396 euim
467 3339 532 3396 erat
554 3333 698 3412 scribere,
721 3333 802 3415 quod
824 3352 885 3398 uon
906 3334 1083 3397 deberetur:
1104 3333 1223 3414 teopro-

82 3421 164 3496 dom,
187 3419 402 3498 rouretum,
424 3419 504 3500 quod
527 3419 663 3483 deberes.
708 3419 993 3485 Ccoderucodoutor
1014 3436 1111 3500 aeque
1134 3419 1225 3484 tabu-

84 3506 134 3570 lae
157 3507 231 3584 eius,
255 3506 429 3586 quiverunt
452 3523 510 3568 nou
532 3506 673 3568 retulerat
695 3501 863 3588 (debitor),
886 3513 919 3568 ut
940 3505 1023 3587 eius,
1046 3503 1233 3587 quitatum·

84 3594 311 3675 perscripserat
330 3583 515 3672 (creditor]:
539 3590 599 3656 Cic,
615 3609 678 3672 pro.
696 3590 784 3656 Rooc.
807 3591 889 3656 Com.
915 3591 944 3671 l,
966 3592 998 3656 2.

392 3788 420 3846 e.
441 3781 470 3838 8.
513 3782 556 3838 De
576 3782 732 3840 rubonibus
754 3786 919 3842 domesticis.

100 3991 103 3998 ,
174 3935 296 4002 Constat
307 3934 384 4000 iuter,
395 3949 509 4012 omues,
526 3934 640 4014 singula
652 3935 763 3999 credita
776 3935 934 4012 debitaque
944 3934 986 3996 ito
999 3931 1089 3996 luisse
1100 3936 1221 4018 scripta,

82 4028 120 4086 ut
141 4039 248 4088 uomeu
269 4021 482 4099 eiusouocom
512 4026 694 4084 contractum
715 4028 797 4085 esset
818 4020 943 4098 primum
970 4018 1100 4084 ferretur
1123 4017 1221 4104 (uude

83 4107 212 4172 nominis
234 4124 288 4187 pro
311 4105 410 4168 debito
432 4103 584 4185 appellatio
606 4102 766 4186 invaluit),
789 4103 896 4168 deiude
924 4111 984 4174 tam
1012 4123 1101 4170 causa
1132 4126 1220 4190 quam

83 4211 199 4257 summa
220 4190 323 4255 crediti
344 4190 493 4266 debitive‚
515 4188 578 4252 dies
600 4191 686 4254 eliam
709 4190 851 4254 contracti
874 4190 986 4272 negotii
1007 4191 1143 4269 laotueue
1164 4211 1221 4258 eo-

82 4278 223 4356 luticuis,
252 4295 291 4343 ue
313 4293 383 4340 rem
411 4275 449 4338 de
477 4273 557 4340 lucto
577 4275 607 4338 ic
624 4275 781 4344 ‚actionem
810 4273 937 4340 deducto
967 4284 1049 4342 esset
1078 4279 1220 4344 incertus.

84 4359 207 4432 Gomtm
227 4361 425 4443 lumbicus
453 4359 564 4428 codicis
593 4360 715 4443 paginae
744 4377 785 4430 cx
805 4359 933 4434 adverso
963 4364 1078 4445 poeitae¹
1104 4364 1220 4430 radone
