2866 5008
569 303 785 409 ...791-

104 516 210 582 eodem
231 524 367 602 tempore
398 524 503 583 eontra
532 519 658 584 eundem
688 520 852 585 debitorem
880 517 1006 602 plurium
1036 518 1240 604 obligationes.

102 605 271 669 creditores
294 606 453 688 argentarii
474 613 552 670 suut.
596 606 839 689 Distinguendum
862 607 1037 692 igiturest,
1067 626 1104 671 an
1126 607 1263 672 correis'

104 692 162 756 sint
184 691 405 773 aequiparandi,
430 711 470 755 ex
494 693 637 756 societate
659 694 735 756 inter
757 711 810 756 cos
832 694 949 757 valente
971 701 1021 757 aut
1043 713 1102 758 non
1121 694 1246 758 valente.

103 778 168 842 Hoc
189 779 282 863 igitur
303 797 376 842 casu
402 797 489 842 mere
514 778 733 859 ,extrinseea“‚
756 787 788 842 ut
810 797 865 843 nos
889 779 989 842 dicere
1011 781 1150 859 solemus,
1173 799 1247 844 cau-

104 881 205 927 sarum
227 865 409 928 continentia
434 871 479 928 est
487 885 497 940 3
520 866 568 928 illo
591 884 664 929 vero
689 865 902 945 „correorum“
927 865 995 930 loco
1015 867 1114 948 plures
1128 873 1245 932 aciones

104 957 180 1014 sunt.
205 949 475 1029 ·„llxtrinsecum“
501 951 570 1014 ideo
592 953 742 1016 actionum
765 970 940 1016 concursum
962 952 1027 1015 linis
1049 953 1124 1036 legis
1144 953 1244 1034 respi-

105 1037 161 1100 cite
189 1037 282 1117 „alias
306 1035 383 1111 eta.“
394 1057 405 1114 3
427 1039 559 1118 quamvis
581 1039 658 1101 enim
681 1037 783 1100 eadem
800 1040 838 1102 sit
852 1056 992 1120 persona,
1014 1041 1132 1104 nomina
1145 1045 1242 1104 umen

108 1124 173 1204 ipso
193 1125 263 1206 juro
285 1121 379 1186 divisa
401 1132 479 1188 sunt.
742 1172 744 1181 ,
1171 1155 1175 1161 -

192 1208 328 1290 Denique
351 1209 512 1274 Huabeiius
535 1229 573 1274 ne
594 1209 623 1273 id
646 1209 763 1294 quidem
790 1212 862 1274 satis
885 1211 1035 1294 explicare
1064 1211 1134 1274 mihi
1155 1210 1243 1276 vide·

107 1301 166 1374 tur,
191 1293 260 1376 quid
283 1297 312 1358 in
334 1296 354 1376 Ι.
377 1295 420 1360 34
442 1296 532 1360 thesis
554 1297 604 1360 illa
625 1298 681 1360 sibi
704 1297 787 1359 velit:
813 1299 1030 1380 ,argentarium
1053 1298 1184 1378 socium,
1212 1299 1243 1362 in

105 1396 256 1446 concursu
277 1382 444 1461 nominum,
473 1381 640 1465 fidejussori
662 1383 790 1448 fortasse
812 1385 953 1468 conjungi
974 1383 1093 1466 posse.“
1139 1385 1243 1448 Vocu-

104 1467 163 1532 lam
187 1465 305 1549 quidem
330 1466 497 1548 ,fortasse“
529 1475 613 1533 recle
643 1469 711 1532 inde
739 1477 843 1534 censet
872 1488 941 1534 esse
970 1465 1132 1553 adjectam,
1162 1469 1242 1552 quod
1270 1523 1272 1526 .
1335 1501 1337 1504 ·

106 1553 239 1634 quamvis
261 1553 339 1616 idem
361 1553 489 1619 novandi
506 1557 556 1639 jus
586 1555 801 1619 consuetudine
830 1557 1064 1640 argentariorum
1093 1557 1242 1621 sociorum

107 1640 302 1704 constitutum
323 1640 379 1720 sit,
407 1639 486 1722 quod
509 1659 683 1706 correorum
713 1659 782 1706 esse
804 1643 868 1724 ipsa
890 1643 1032 1707 correalis
1053 1642 1242 1726 obligationis

107 1732 211 1790 natura
233 1726 356 1790 doceat:
385 1725 495 1791 diversi
517 1734 615 1790 tamen
638 1728 714 1791 inter
743 1746 778 1792 sa
801 1728 898 1792 correi
921 1734 951 1791 et
982 1731 1140 1810 argentarii
1168 1730 1242 1792 socii

106 1813 175 1892 sint,
198 1819 229 1875 et
250 1815 431 1894 comparatio
452 1812 522 1877 inde
543 1814 706 1896 repetenda
735 1821 820 1878 caute
843 1821 873 1878 et
894 1814 1019 1896 provide
1047 1833 1166 1897 semper
1188 1834 1242 1878 ac-

106 1899 165 1981 cipi
188 1896 312 1979 debeat,
340 1919 379 1961 ne
401 1901 464 1982 ipsa
486 1900 628 1964 correalis
651 1901 836 1983 obligationis
858 1901 998 1983 principia
1021 1920 1087 1965 cum
1110 1903 1242 1966 societa-

107 1985 146 2048 tis
169 1991 271 2049 contra
294 1985 469 2069 elegantiam
486 1989 564 2072 juris
586 1989 773 2052 misceantur.
818 1988 877 2054 Sed
900 2007 956 2070 qua
980 1988 1018 2052 de
1033 2007 1121 2052 causa
1146 1987 1242 2068 ,iide-

106 2070 281 2152 jussorum“
315 2073 482 2154 exemplum
511 2073 532 2136 l.
555 2073 626 2137 Ctus
657 2074 799 2156 elegerit,
837 2092 927 2155 quum
957 2074 995 2138 de
1027 2074 1179 2153 „correis“
1211 2075 1240 2136 in

107 2173 223 2240 genere
246 2175 338 2239 supra
359 2158 550 2238 disseruerit,
579 2160 683 2223 merito
713 2159 871 2240 quaeritur.
915 2159 1047 2239 Censeo,
1075 2163 1142 2241 quia
1165 2159 1243 2222 nulla

107 2244 238 2306 novandi
262 2245 306 2306 vis
328 2245 542 2325 compromisso
564 2244 651 2322 inest,
674 2263 795 2325 quone
818 2245 955 2326 exceptio
978 2245 1096 2325 quidem
1119 2263 1242 2325 compe-

107 2329 170 2392 tit.
197 2329 296 2402 Quare
318 2348 388 2394 reus
412 2329 528 2410 quidem
549 2329 674 2394 solidum
697 2330 781 2392 alteri
803 2329 924 2394 solvero
947 2331 1050 2411 debet,
1071 2331 1125 2395 sed
1148 2333 1244 2396 actio-

104 2432 173 2478 nem
195 2422 300 2496 postea
321 2417 361 2479 ob
374 2433 501 2498 poenam
515 2417 718 2497 compromissi
738 2416 922 2479 commissam
936 2423 1039 2480 contra
1054 2417 1242 2497 creditorem,

105 2501 158 2582 qui
181 2503 391 2584 compromisit,
413 2503 546 2586 instituit,
570 2521 627 2583 qua
649 2503 764 2566 actione
786 2501 815 2564 id
838 2503 950 2584 ipsum,
973 2501 1244 2584 quodsolvit,1·e-

108 2595 243 2668 cuperat.
288 2589 461 2669 Plerumque
485 2589 561 2652 enim
583 2606 680 2670 poena
709 2590 914 2671 compromissi
943 2607 1068 2670 aequam
1090 2598 1120 2653 et
1138 2591 1244 2674 justum

103 2673 199 2755 ipsius
222 2672 313 2737 debiti
336 2675 567 2739 aestimationem
590 2677 797 2758 aequiparabit.
842 2675 925 2738 Unde
945 2677 1074 2757 quicum
1091 2694 1144 2738 reo
1160 2695 1246 2740 com-

103 2760 252 2841 promisit,
274 2778 333 2823 non
356 2762 423 2842 ipso
446 2761 566 2842 quidem
584 2763 663 2844 jure,
686 2761 790 2844 effecta
804 2769 911 2839 tamen,
934 2764 1055 2845 negotio
1080 2763 1248 2841 „interces-

109 2844 208 2909 sisse“
236 2852 266 2908 et
296 2845 431 2911 debitum
448 2847 566 2912 videtur
588 2851 767 2928 suscepisse.
811 2847 848 2910 Et
879 2846 1102 2929 „fidejussoris“
1134 2849 1251 2928 quidem

112 2931 250 3012 exemplo
267 2932 375 2996 Paulus
387 2935 488 3008 utitur,
512 2935 580 3013 quia
601 2933 732 3011 reliquae
753 2932 996 2997 intercedentium
1018 2951 1165 3015 personae
1188 2952 1247 2997 non

110 3017 140 3079 in
163 3018 300 3082 omuibus
323 3019 533 3099 obligationum
555 3018 716 3101 generibus
739 3035 833 3098 aeque
856 3019 1076 3082 adhibebantur.
1120 3020 1181 3082 Gai.
1205 3021 1248 3098 ΙΙΙ,

115 3101 188 3166 119.
235 3103 412 3184 ,Fortasse“
436 3106 525 3188 igitur
547 3106 645 3168 socius
668 3104 718 3166 ille
741 3124 807 3168 cum
822 3103 999 3187 fidejussore
1015 3106 1177 3186 comparari
1190 3123 1248 3186 po-

113 3193 184 3268 test,
208 3191 278 3270 quia
300 3207 335 3252 re
357 3209 429 3254 vera
452 3209 511 3256 non
534 3189 693 3273 fidejussor
716 3197 780 3268 est,
803 3208 893 3270 quum
916 3209 976 3254 non
998 3191 1171 3270 creditoris,
1194 3190 1248 3254 sod

109 3272 254 3339 debitoris
277 3294 368 3340 causa
389 3276 575 3353 interveniat,
598 3282 628 3339 et
649 3294 688 3339 ne
710 3275 872 3340 debitorem
887 3276 1004 3358 quidem
1020 3277 1088 3358 ipso
1097 3279 1171 3357 jora
1185 3276 1242 3339 ali-

107 3361 176 3442 quid
193 3363 296 3443 juvet,
323 3363 378 3428 sed
399 3382 496 3448 poena
518 3362 613 3429 solum
635 3369 739 3444 postea
760 3361 901 3428 solvenda
924 3363 1059 3428 damnum
1087 3363 1164 3428 illius
1186 3382 1240 3426 re-

107 3448 224 3512 sarciat.
248 3481 287 3496 -

576 3817 791 3953 ἓμῖιᾙέμ
858 3833 859 3836 ¹
