2866 5008
577 281 791 348 2453:

202 449 234 515 ln
257 457 384 534 utroque
405 459 502 517 autem
532 471 602 518 casu
631 463 746 537 cessat,
773 463 917 540 quotenus
945 457 1089 526 securitas
1118 457 1183 536 sive
1210 459 1250 526 da

106 545 175 602 doto
198 538 304 603 debito,
319 541 383 602 sive
405 538 443 601 de
461 547 553 619 porte
573 542 678 623 probat
699 545 826 608 solutum
848 563 926 608 esse.

202 624 229 704 β.
264 625 375 688 Contra
401 626 531 706 reliquas
561 629 736 691 securitates
765 631 794 691 in
824 631 940 712 triginta
971 630 1034 694 dies
1068 639 1249 696 coarctetur:

111 710 181 773 sivo
199 728 276 790 pars
298 711 387 773 debili
408 713 527 774 nominc
556 714 646 776 sortis
677 732 872 778 usurarumre
900 717 965 779 sive
994 724 1086 780 tolum
1114 719 1250 781 scribitur

111 795 242 860 solutum
265 813 343 858 esse.

118 899 121 902 ·
202 881 404 968 Chirografum
426 881 534 966 igitur,
562 903 579 946 a
603 884 752 949 creditore
773 885 811 949 de
833 885 932 951 debito
954 889 1114 968 prolatum,
1135 888 1250 971 prolata

114 981 133 1030 a
156 965 290 1030 debitore
309 969 468 1030 securitate
490 969 666 1049 infirmatur,
696 971 785 1050 modo
807 979 856 1035 aul
878 973 1004 1036 debitum
1029 974 1157 1037 solutum
1178 991 1249 1036 esse

110 1053 256 1116 securitas
279 1054 426 1117 contineat
455 1061 505 1126 aut
526 1055 555 1118 id
577 1063 699 1137 lentum,
721 1057 898 1122 creditorem
920 1057 1120 1142 chirografum
1142 1059 1249 1124 reddi-

108 1145 206 1202 turum
229 1155 308 1202 esse.
419 1169 424 1176 ·

117 1242 122 1249 ’
196 1224 251 1288 Ubi
274 1226 411 1306 exceptio
434 1234 678 1290 connumeratae
700 1229 843 1308 pecuniae
864 1229 893 1292 in
917 1235 1008 1293 totum
1031 1237 1080 1293 aut
1102 1235 1169 1311 post
1190 1229 1248 1292 tri-

107 1309 194 1392 ginta
223 1308 286 1372 dics
321 1317 438 1389 cesset,
474 1328 512 1374 ne
536 1313 742 1396 jusjurandum
771 1315 887 1396 quidem
918 1315 1088 1380 adversario
1117 1315 1249 1379 creditor

111 1393 251 1475 „oflere“
270 1403 389 1476 postest
412 1393 450 1479 (i.
474 1416 500 1459 e.
527 1396 715 1481 „delerre“).

155 1499 157 1502 ·
189 1482 225 1542 Υ4.
248 1480 392 1562 Exceptio
415 1483 489 1545 intra
512 1482 670 1564 legitimum
700 1492 813 1566 tempus
836 1487 952 1568 objecta
974 1493 1246 1567 perpetuatur.

107 1566 245 1649 Objeclio
267 1568 346 1628 inter
363 1576 537 1646 praesentes
552 1570 678 1650 scriptisv
696 1571 968 1634 denunciationihus
990 1573 1159 1652 possessori
1181 1572 1248 1634 cbi-

105 1651 221 1734 rogrnh
242 1653 338 1718 missis
359 1653 408 1731 lit,
431 1655 669 1718 interabsentes
695 1655 773 1737 opud
796 1653 961 1720 ordinarios
979 1657 1095 1736 judices
1119 1655 1247 1719 denien-

106 1755 235 1801 soresve
257 1737 407 1814 locorum;
430 1741 474 1802 sin
498 1740 538 1802 illi
557 1743 611 1821 ipsi
629 1741 796 1823 chirografo
812 1742 858 1806 illa
874 1741 1053 1822 possideant,
1076 1741 1150 1805 alius
1172 1741 1247 1805 adiri

99 1823 198 1907 judex
212 1831 319 1903 potest,
334 1825 364 1886 in
380 1825 511 1888 ultimum
526 1826 687 1890 subsidium
702 1829 871 1908 episeopus.
896 1827 1031 1910 Objectic
1046 1827 1124 1892 facta
1139 1827 1247 1896 deinde

104 1928 122 1970 a
141 1909 244 1992 judice
266 1913 434 1989 possessori
457 1912 635 1974 manifestcri
658 1913 755 1975 debet.

194 1995 277 2068 Quae
300 1997 469 2060 constitutio
492 2014 551 2060 non
574 2001 611 2062 ad
639 2000 780 2078 pecunias
810 2005 919 2062 tantum
948 1998 1162 2078 numerandas,
1190 1997 1246 2062 sed

105 2079 145 2142 ed
169 2078 303 2144 dationes
324 2099 426 2144 rerum
451 2101 546 2162 aeque
572 2086 715 2163 pertinet;
745 2085 867 2146 eaedem
897 2085 1024 2164 denique
1054 2085 1246 2148 condiciones

104 2164 146 2228 ad
167 2165 374 2247 exceptionem
396 2163 646 2233 connumeratae
669 2169 746 2231 dotis
768 2169 944 2232 referendae
967 2177 1046 2234 sunt.

576 2321 772 2330 ...mm-„nn

192 2424 238 2486 Ex
259 2425 314 2488 hac
330 2431 418 2506 certe
442 2425 651 2488 constitutione
673 2427 703 2489 in
724 2426 917 2504 iiscasibus,
947 2425 975 2488 in
1004 2425 1112 2507 quibos
1141 2425 1175 2489 in
1195 2433 1245 2488 io-

102 2518 165 2574 tnm
188 2517 285 2575 cesset
307 2514 462 2592 exceptio,
490 2511 555 2573 solo
578 2512 761 2592 chirografo
788 2511 904 2574 videtur
927 2512 1067 2580 contrabi.
1112 2510 1170 2576 Sed
1192 2530 1245 2596 se-

101 2597 283 2660 curitatibus
304 2596 390 2676 plane
413 2614 473 2660 non
496 2599 697 2676 contrahitur,
727 2597 782 2660 sed
804 2598 955 2679 negotium
984 2596 1153 2662 dissolvitur
1175 2593 1245 2679 (cut

100 2683 218 2765 potius:
250 2682 423 2744 dissolutum
457 2700 526 2745 esse
557 2679 751 2764 ostenditur).
802 2683 839 2745 Et
867 2684 897 2746 in
926 2683 1078 2762 depasto,
1106 2684 1245 2761 quomis

100 2767 180 2850 apud
203 2785 290 2848 quem
313 2766 480 2849 deponetur
503 2769 544 2831 uti
567 2787 625 2832 non
648 2769 765 2845 debeat,
788 2768 995 2845 comaediae,
1018 2769 1124 2848 quibus
1138 2769 1168 2829 in
1189 2785 1244 2830 ce·
1297 2791 1309 2812 ⁴

99 2854 175 2918 teris
199 2854 315 2916 casibus
337 2855 475 2933 exceptio
497 2855 614 2930 nititur,
635 2855 723 2932 plene
745 2861 873 2915 cessant.
917 2853 991 2916 Nam
1009 2855 1039 2915 in
1061 2852 1105 2916 bis
1127 2851 1244 2933 quidem

104 2940 227 3002 debitor
256 2939 408 3019 pecuniam
439 2939 571 3018 quaerit,
600 2956 657 3018 qua
687 2938 730 3000 uti
763 2937 847 3013 velit3
881 2956 966 3018 quam
997 2946 1029 3000 ut
1057 2939 1245 3018 adipiscetur,

104 3043 199 3106 quum
222 3023 352 3084 creditor
373 3022 459 3084 fidem
483 3023 510 3083 ei
533 3039 592 3084 non
611 3023 725 3100 hebeat,
748 3022 946 3104 chirografum
961 3024 1030 3086 facit
1043 3031 1073 3084 et
1086 3029 1244 3102 antequam

101 3106 263 3192 pecuniam
287 3107 436 3187 occeperit
457 3108 563 3169 tradit:
594 3115 698 3187 postea
721 3107 1040 3187 creditorcbirografo
1063 3108 1145 3169 nisus
1167 3107 1246 3171 mala

97 3196 160 3258 lide
182 3210 217 3254 se
240 3191 359 3254 dedisse
381 3191 459 3253 dicit.
504 3191 535 3254 ln
559 3191 693 3272 deposito
716 3209 789 3254 vero
819 3192 934 3254 debitor
955 3194 985 3253 in
1013 3189 1169 3253 creditoris
1191 3191 1242 3256 fa-

98 3296 217 3355 vorem,
239 3295 300 3341 non
322 3279 351 3340 in
372 3278 524 3358 proprium
548 3297 643 3352 usum,
665 3277 821 3358 pecuniam
844 3277 963 3357 accipit:
986 3277 1084 3357 itaque
1106 3277 1239 3340 incredi-

99 3366 161 3430 bile
184 3371 240 3438 est,
263 3365 436 3444 scriptoram
459 3364 591 3428 traditam
615 3381 683 3425 esse
707 3369 863 3442 antequam
885 3379 1019 3424 nummos
1042 3362 1089 3424 illo
1110 3380 1241 3444 accepe-

99 3455 148 3515 rit.
184 3449 268 3512 Unde
291 3467 402 3512 censeo
426 3451 530 3527 etiam,
554 3451 579 3511 si
602 3450 631 3510 in
654 3449 698 3510 his
721 3451 839 3511 ensibus
862 3447 979 3512 debitor
1001 3448 1068 3510 nibil
1091 3467 1125 3511 se
1140 3467 1242 3524 ‘accc-

99 3539 183 3619 pisse
206 3535 393 3616 probaverit,
424 3535 601 3597 creditorem
631 3535 763 3613 quamvis
790 3535 933 3614 scriptura
963 3535 1069 3596 nitatur
1094 3535 1241 3621 ajudicio

100 3619 216 3694 refelli;
239 3628 269 3682 et
292 3621 321 3681 in
344 3621 381 3682 iis
404 3620 538 3696 casibus,
567 3620 726 3699 inquibus
750 3619 886 3700 exceptio
909 3638 969 3683 non
991 3625 1160 3683 numeratae
1182 3637 1241 3700 pe-

100 3707 208 3770 cuniae
229 3707 303 3768 intra
326 3712 440 3768 certum
464 3707 579 3785 tempus
602 3705 689 3786 objici
716 3708 863 3786 potuerit,
893 3707 980 3768 etiam
1001 3711 1105 3784 postea
1127 3705 1241 3785 proba·
1266 3737 1270 3746 ,

101 3781 214 3857 tionem
234 3790 311 3854 illam
334 3809 351 3853 a
374 3790 507 3852 debitore
528 3807 618 3871 posse
641 3789 750 3852 afferri.
793 3791 865 3852 Nam
889 3789 946 3869 illa,
970 3807 1054 3869 quam
1076 3789 1240 3868 imperato*

100 3895 152 3942 res
174 3883 342 3955 coarctant,
372 3881 623 3939 connumeratae
650 3877 795 3954 pecuniae
818 3874 955 3955 exceptio
978 3873 1006 3936 id
1030 3874 1176 3951 continet,
1206 3880 1241 3936 ut

15 4017 16 4022 ,
101 3962 237 4026 creditor
258 3963 379 4042 probet;
402 3960 547 4022 debitoris
568 3968 664 4022 autem
687 3959 821 4040 probatio
838 3977 896 4022 non
912 3960 976 4022 talis
991 3959 1048 4021 litis
1064 3959 1239 4021 contestatio

15 4057 16 4066 ’
103 4049 243 4131 negativa
265 4054 323 4126 est,
344 4045 398 4110 scd
421 4063 492 4108 vera
516 4046 662 4125 exceptio,
707 4045 806 4118 Quare
822 4062 913 4124 quum
935 4045 1037 4106 stricte
1058 4045 1240 4108 coarctatio·

101 4151 158 4200 nes
187 4129 252 4195 illas
270 4133 469 4212 interpretari
497 4129 673 4208 debeamus,
710 4130 778 4209 quia
808 4129 1026 4209 singularitates
1060 4129 1238 4206 contineant,

103 4225 208 4284 contra
239 4217 414 4300 elegantiam
439 4217 515 4298 juris
544 4222 574 4277 et
596 4222 699 4278 contra
727 4220 859 4276 notorem
882 4213 969 4276 realis
998 4221 1167 4278 contractus
1188 4217 1239 4277 in-

102 4309 219 4385 ventas,
241 4309 271 4367 et
292 4302 425 4384 aequitas
446 4303 477 4365 in
499 4301 638 4366 Romanis
660 4301 723 4363 eius
747 4299 886 4380 temporis
897 4297 1014 4382 judiciis
1030 4301 1156 4363 maxime
1178 4299 1237 4363 ob-
