2866 5008
601 1049 826 1154 o-rrt'rx.

142 1246 145 1254 ’
193 1259 257 1333 tte
283 1269 479 1360 ternpore,
509 1278 583 1360 per
608 1249 713 1434 qnod
733 1259 945 1436 diagerum
972 1259 1167 1374 obligatio
1190 1262 1232 1334 in

203 1381 206 1392 ·
246 1383 249 1390 ·
597 1382 670 1437 usu
717 1380 789 1436 uer
930 1382 934 1390 ·

659 1664 687 1724 s.
709 1657 756 1716 32.

236 1811 303 1875 Non
325 1810 411 1893 lege,
438 1809 492 1876 sed
514 1809 708 1877 desuetudine
737 1810 887 1875 literarum
917 1809 1086 1893 obligationi
1114 1809 1295 1892 derogatum

113 1966 115 1971 ,
144 1903 210 1960 ost:
238 1897 362 1959 nomino
385 1897 461 1960 etnim
484 1905 590 1978 postea
615 1917 675 1961 non
696 1898 815 1978 fiebant.
860 1897 924 1972 Qua
947 1897 985 1961 de
1007 1915 1042 1961 re
1064 1894 1131 1959 audi
1154 1914 1293 1976 queren-

147 1989 207 2046 tem
228 1982 378 2048 Horatium
400 2000 446 2065 ep.
470 1985 500 2060 2,
524 2003 570 2046 vv.
597 1983 783 2047 103-108:

325 2069 456 2149 „Romae
478 2068 568 2133 dulce
588 2069 637 2133 diu
659 2069 712 2134 init
735 2077 765 2132 et
785 2069 948 2149 sollemne,
970 2068 1087 2132 reolusa

321 2156 409 2219 Mane
432 2155 520 2220 domu
543 2156 684 2238 vigilare3
707 2156 806 2220 clienti
829 2173 967 2237 promere
985 2159 1069 2238 jura3

325 2241 438 2306 Cantor
459 2242 628 2306 nominibus
649 2244 740 2305 rectis
762 2242 934 2322 expendere
953 2259 1105 2317 nummor3

322 2327 451 2413 Majores
473 2328 592 2404 audire3
615 2329 720 2392 minori
743 2327 858 2406 dicere,
880 2346 934 2409 per
957 2345 1035 2409 qnae

209 2481 211 2485 ,
324 2413 469 2480 Gresoere
490 2432 541 2479 res
563 2421 666 2497 posset
672 2434 683 2490 3
706 2415 796 2477 minui
818 2415 959 2478 damnosa
980 2411 1078 2478 libido.

323 2500 451 2564 Mutnoit
471 2508 596 2564 mentem
614 2501 745 2580 populos
767 2500 858 2564 tenid
879 2500 944 2563 rell.

240 2585 438 2665 „Cautiones“
464 2586 520 2649 boo
542 2588 608 2650 loco
631 2605 691 2649 non
711 2605 778 2653 esse
794 2585 950 2669 syngrafas
964 2585 1011 2649 vel
1026 2583 1203 2666 ehirografa,
1225 2581 1289 2650 Se-

151 2688 244 2736 necae
266 2671 366 2734 verbis
388 2671 527 2748 efficitur,
551 2672 588 2734 de
610 2679 700 2734 aneto
723 2675 751 2734 in
775 2671 852 2734 diem
874 2679 998 2753 propter
1018 2671 1233 2752 improbitatem
1256 2677 1290 2732 et

151 2764 317 2838 suspectam
340 2757 574 2822 contrahentium
597 2754 684 2821 fidem
707 2756 873 2821 cautionum
893 2777 949 2820 asu
967 2758 1127 2838 querentis.
1161 2757 1205 2818 De
1225 2774 1290 2818 no-
1329 2790 1337 2798 -

147 2844 277 2921 minibus
298 2844 395 2924 potins
418 2845 526 2923 rectis,
554 2843 660 2925 quibus
684 2851 799 2911 cautum
822 2849 875 2924 stt,
902 2845 1040 2907 Horatius
1063 2840 1289 2924 loquitur;.illa

147 2931 224 2992 enim
246 2931 362 2992 nomina
384 2930 414 2991 in
438 2930 557 2992 oodioer
578 2929 683 2994 inferri
706 2930 859 2995 debebant.
905 2931 1016 2993 'lamen
1039 2947 1099 2992 non
1122 2929 1160 2992 de
1181 2929 1289 2992 litera·

148 3034 213 3080 rum
237 3015 416 3098 obligatione
438 3016 514 3096 apud
536 3024 652 3097 potitam
675 3035 776 3081 sermo
799 3023 854 3095 est,
877 3016 930 3080 sod
954 3015 991 3078 de
1013 3015 1138 3080 nronrio
1160 3015 1290 3092 nomino,

150 3121 238 3182 quum
261 3102 298 3164 do
326 3102 529 3184 expendendis
557 3104 681 3167 nummis
709 3105 793 3167 locus
815 3103 861 3167 itte
884 3109 969 3183 agat,
1000 3101 1119 3164 nonde
1147 3101 1289 3182 expensis

147 3189 291 3268 [endu.

236 3277 333 3350 Quare
355 3293 414 3339 uon
437 3275 585 3338 literarum
609 3276 748 3357 obligatio
769 3276 798 3336 in
822 3273 921 3338 odium
945 3272 1091 3354 publicum
1113 3273 1209 3350 venit,
1230 3270 1288 3335 sed

151 3358 281 3439 codices,
303 3361 368 3424 sine
390 3362 496 3442 quibus
519 3361 565 3424 illa
587 3361 650 3425 tisri
673 3379 731 3423 non
754 3367 880 3440 poterat.
899 3356 1046 3434 ‘Quorum
1064 3359 1291 3422 scribendorum

149 3447 353 3508 necessitatem
374 3455 432 3510 tam
455 3446 491 3510 ad
514 3465 636 3510 censum
666 3465 749 3526 quarn
773 3445 809 3507 ad
833 3447 880 3526 ins
902 3445 1034 3526 suffragii
1063 3446 1130 3508 olim
1152 3445 1291 3526 pertinu-

147 3531 208 3592 isse
231 3539 423 3612 conturbem,
446 3532 500 3596 sed
523 3541 747 3614 posteaneque
770 3550 839 3594 aera
861 3551 878 3594 a
902 3532 1014 3594 ciuibus
1037 3531 1068 3592 in
1087 3548 1174 3593 usnrn
1190 3529 1292 3610 publi·

147 3634 212 3679 oum
230 3634 304 3690 ‘esse
327 3617 432 3680 oollnta
455 3637 553 3696 neque
576 3619 604 3680 in
627 3617 795 3680 centuriatis
812 3618 934 3682 comitiis
951 3635 1092 3681 summam
1114 3623 1293 3697 potestatem

147 3703 300 3780 mansisse,
323 3703 375 3764 sed
399 3703 435 3764 ad
464 3704 570 3766 tributa
593 3704 832 3781 transmeasse,
855 3715 981 3784 quorum
1003 3703 1090 3782 origo
1113 3700 1293 3766 adsensum

149 3807 206 3850 uon
231 3790 403 3869 pertinuerit
428 3807 526 3868 neque
547 3789 610 3869 ipsa
632 3789 732 3870 populi
754 3791 783 3850 in
807 3789 899 3856 tribus
919 3788 1023 3851 divisio
1040 3785 1291 3871 („distributio“)

148 3875 311 3938 seeundum
335 3894 384 3938 ros
407 3875 562 3938 familiares
586 3873 664 3936 iaota
686 3875 731 3936 stt.
766 3873 822 3938 Sed
847 3893 864 3940 e
887 3892 946 3956 quo
968 3874 1103 3955 publicae
1125 3873 1293 3937 delationes

146 3960 176 4022 in
201 3961 265 4022 dies
288 3955 473 4040 crescebant,
496 3959 647 4024 Ciceronis
669 3960 794 4022 maxime
818 3967 961 4040 tempore,
984 3967 1014 4022 et
1036 3979 1054 4022 e
1074 3958 1243 4022 domesticis
1261 3965 1294 4022 et

149 4049 275 4126 propriis
293 4055 322 4108 et
338 4047 461 4110 aliorum
479 4046 632 4110 codicibus
640 4047 802 4110 'commissa
813 4046 1144 4127 seeleraprobabantur
1159 4039 1292 4124 (asion.

149 4130 217 4192 Ped.
242 4132 280 4192 ad
297 4133 354 4193 Cic.
372 4135 399 4192 io
421 4135 504 4193 Vorr.
521 4130 541 4210 l,
565 4128 641 4214 23):
665 4131 790 4195 officinm
813 4132 1034 4195 scribendorum
1057 4131 1193 4193 codicum
1216 4146 1293 4192 sen·
1364 4203 1372 4207 ,

150 4217 203 4276 siro
228 4218 376 4291 cessavit3
400 4218 427 4278 in
449 4217 642 4294 stipulatione
664 4219 762 4299 potius
784 4218 954 4297 scripturos
976 4215 1139 4294 tacebant,
1161 4222 1192 4279 et
1213 4215 1293 4278 inter

150 4303 289 4364 absentes
312 4321 365 4382 per
389 4303 538 4366 institores
567 4302 679 4368 aliosve
710 4304 886 4370 contrahere
914 4303 1069 4369 molebant.
1112 4299 1173 4368 Sed
1201 4301 1293 4364 etiem
