2866 5008
648 321 861 386 ...52-

189 499 267 563 enim
295 498 381 562 etiam
412 503 481 560 ante
509 496 584 559 hanc
612 491 817 574 traditionem,
844 495 863 556 i.
888 511 915 555 e.
939 492 1028 556 etiam
1050 492 1115 556 siue
1138 492 1199 557 uffa
1222 492 1325 556 chiru-

187 584 284 668 grafo,
306 584 421 648 debitor
443 589 605 645 teneretur.
650 581 709 645 Sed
732 581 880 662 excipies,
902 587 970 661 post
993 579 1225 660 quinquennium
1247 578 1324 657 illud,

186 673 262 736 intra
285 669 365 750 quod
388 668 425 730 de
447 685 506 730 non
529 674 680 730 numerata
709 667 815 748 peunia
837 665 953 728 debitor
968 667 1110 748 excipere
1132 666 1236 746 possit,
1259 665 1325 728 solo

188 764 273 820 certo
296 753 463 834 chirografo
486 760 668 815 contractum
690 751 798 833 perfici.
841 749 1019 814 Consideres
1042 757 1149 829 tamen,
1170 751 1326 814 liberatio·

188 861 257 904 nana
278 840 368 918 iilam,
389 856 466 920 quae
488 839 524 900 ab
547 856 640 901 onere
662 837 805 918 probandi
827 837 966 900 creditori
989 844 1058 899 tunc
1073 837 1224 920 contingat
1241 835 1326 918 (sci-

186 925 268 1006 licet,
289 924 417 988 sofufurn
438 921 536 1006 esse),
558 925 671 989 ratione
699 923 759 1000 niti,
781 942 820 984 ue
841 923 911 984 doio
932 923 1013 986 ruofo
1035 923 1167 985 creditor
1188 930 1326 998 cavetur,

189 1031 280 1092 quum
303 1010 467 1074 baiulorum
490 1017 585 1072 morte
607 1009 693 1072 facile
720 1008 784 1070 beri
806 1010 910 1088 possit,
933 1013 964 1071 uf
986 1016 1054 1089 post
1076 1016 1183 1071 tantum
1206 1016 1326 1090 tempo-

186 1099 229 1160 ris
253 1096 320 1179 nihi!
342 1096 380 1157 de
395 1095 541 1160 solutione
559 1097 658 1174 possit
678 1095 812 1174 probare.
847 1094 969 1160 Silentia
992 1096 1077 1158 etiam
1100 1095 1250 1169 debituris,
1274 1095 1326 1175 qui

187 1181 386 1262 chirografum
407 1181 547 1243 creditori
570 1181 606 1242 ab
628 1182 692 1261 ipso
715 1179 852 1242 traditum
875 1198 944 1244 esse
966 1181 1038 1258 scit,
1067 1188 1206 1260 acceptae
1227 1199 1325 1260 pecu·

185 1269 253 1332 niae
273 1268 424 1348 confessio
440 1266 554 1329 uidetur
573 1267 725 1329 contineri.
759 1265 821 1328 Hoc
843 1266 932 1346 igitur
954 1267 1193 1347 praescriptionis
1216 1285 1326 1331 exem-

185 1355 266 1436 plum
286 1359 350 1431 est,
380 1370 440 1433 quo
470 1369 546 1429 non,
577 1360 608 1415 ut
630 1352 819 1431 plerumque,
842 1353 894 1432 jus
917 1347 1001 1428 isiae
1023 1351 1130 1430 agendi
1151 1353 1215 1415 siue
1238 1353 1327 1426 exci-

185 1433 304 1522 piendi)
328 1436 519 1518 extinguitur,
542 1437 595 1500 sed
618 1437 757 1520 obligatio
776 1437 895 1498 videtur
909 1438 1054 1502 constitui.
1087 1437 1135 1502 lie
1154 1456 1230 1502 acro
1249 1441 1327 1502 enim

186 1543 295 1590 novam
317 1520 376 1586 non
398 1523 553 1601 constitui,
576 1521 666 1586 thesis
689 1529 790 1586 nostra
812 1531 866 1586 est.
911 1521 970 1588 Sed
992 1524 1127 1586 etiamsi
1150 1525 1255 1588 novari
1276 1525 1326 1588 illo

185 1628 257 1674 casu
278 1627 402 1672 censeas
426 1604 523 1688 (quod
546 1616 607 1672 tum
630 1610 797 1690 continget,
825 1609 850 1672 si
872 1626 926 1671 reo
953 1611 1154 1690 probationem
1184 1612 1327 1676 contrarii

185 1705 254 1778 post
268 1695 340 1758 illud
356 1702 469 1773 tempus
492 1702 662 1775 competere
678 1691 838 1776 negabis):
861 1713 921 1758 uon
943 1693 1114 1778 chirografo
1133 1696 1263 1760 novandi
1279 1699 1325 1759 vis

185 1783 273 1860 inest,
294 1780 348 1843 sed
371 1780 475 1842 tractui
502 1781 650 1859 temporis.
695 1780 778 1853 Onne
800 1782 825 1842 si
848 1779 1015 1862 chirografo
1037 1783 1159 1859 inesset,
1182 1782 1218 1845 ab
1242 1783 1327 1848 initio

188 1866 293 1928 novari
314 1864 445 1926 deberet.
480 1864 578 1936 Quare
601 1883 689 1944 quum
713 1865 788 1926 duae
810 1866 840 1926 in
858 1867 927 1948 June
942 1866 1073 1930 Romano
1090 1885 1139 1928 res
1161 1868 1229 1946 sint,
1254 1869 1326 1948 qui-

186 1952 245 2014 bus
266 1954 406 2027 novetur,
427 1949 582 2028 stipulatio
603 1957 635 2012 et
656 1968 707 2011 res
721 1950 859 2023 judicate
882 1947 950 2034 (vel
972 1951 1033 2014 fitis
1047 1955 1254 2032 contestatio),
1278 1955 1328 2017 iffa

185 2036 305 2099 unicum
329 2032 415 2117 (pest
438 2036 598 2099 obsoletam
622 2035 771 2098 literarum
794 2034 1022 2120 obligationem)
1044 2041 1194 2122 negotium
1209 2041 1329 2103 uidetur

186 2139 274 2201 esse,
303 2123 386 2184 unica
413 2123 515 2202 formo
543 2121 754 2200 contrahendi,
784 2139 841 2202 qua
872 2124 973 2186 novari
1003 2127 1112 2206 possit;
1143 2141 1242 2206 neque
1267 2127 1327 2190 uffo

184 2209 254 2272 loco
285 2207 484 2288 chirografum
515 2225 553 2271 eo
582 2225 673 2272 sensu
703 2226 796 2288 penes
825 2209 1039 2289 stipulationem
1061 2212 1186 2290 positam
1216 2219 1327 2275 exstat.

185 2293 246 2360 Sed
266 2295 312 2358 vis
334 2293 391 2371 iffa,
413 2311 489 2374 quae
511 2294 556 2355 rei
573 2293 722 2376 judicatae
744 2295 830 2372 inest,
852 2295 1022 2358 contenditur
1043 2296 1081 2358 ad
1103 2297 1326 2362 confessionem

180 2381 212 2444 in
231 2382 311 2462 jure,
332 2377 370 2442 ad
386 2371 603 2462 jusjmandum:
631 2397 721 2459 quaro
744 2379 814 2441 nihif
829 2381 970 2459 obstaret,
992 2381 1018 2444 si
1031 2381 1107 2444 iilam
1122 2382 1213 2463 ipsam
1230 2402 1326 2464 prae·

117 2495 120 2502 v
182 2465 336 2544 scriptioni
366 2473 468 2527 contra
497 2464 659 2527 remedium
689 2465 727 2526 de
755 2483 813 2526 non
842 2473 993 2529 numerata
1023 2469 1148 2548 pecunia
1178 2470 1326 2550 optinenti

152 2569 154 2578 ¹
182 2549 391 2611 tribueremus.
436 2549 520 2610 Tunc
540 2557 635 2610 autem
658 2568 716 2611 non
745 2550 921 2630 chirografo
943 2560 1121 2631 novaretur,
1151 2555 1205 2617 sed
1226 2574 1327 2634 prae-

183 2634 356 2713 scriptione.
392 2631 477 2695 Actio
493 2631 597 2714 igitur,
620 2637 696 2713 quae
717 2641 821 2714 postea
842 2637 981 2699 creditori
1002 2641 1151 2720 competit,
1173 2658 1326 2722 nunquam

184 2739 225 2782 eu
247 2718 422 2800 chirografo
442 2717 535 2803 datur.
558 2717 653 2792 *Quae
672 2720 696 2782 si
719 2728 823 2799 pastea
845 2721 972 2801 daretur,
996 2731 1214 2806 consequenter
1236 2730 1327 2794 etiam

184 2803 339 2866 dicendum
376 2810 474 2881 esset,
510 2811 599 2866 autea
632 2823 648 2874 a
683 2804 815 2890 debitore
854 2806 1052 2890 chirografum
1085 2811 1199 2874 cundici
1232 2832 1328 2893 posse

184 2889 343 2952 actione
365 2907 427 2950 neu
448 2897 622 2952 numeratae
641 2891 797 2970 pecunius.
846 2891 1011 2971 ,Ouerefa“
1037 2903 1133 2959 autem
1156 2899 1186 2958 in
1207 2918 1327 2978 genere

184 2981 215 3036 et
239 2975 379 3056 „querefa
402 2992 461 3038 nun
484 2982 654 3038 numeratae
677 2976 843 3057 pecuniae“
864 2979 893 3040 in
915 2981 1016 3060 specie
1039 2983 1223 3060 ,actionem“
1242 3003 1328 3049 nun-

185 3079 275 3142 quam
297 3060 470 3144 significant.
515 3059 586 3140 Qua
602 3061 639 3138 de
661 3081 696 3124 re
718 3081 744 3125 v.
769 3063 929 3127 Gneistium
951 3067 982 3128 in
1005 3065 1195 3152 diss-inaug.

270 3163 302 3228 11.
335 3165 501 3227 iustiniani
523 3184 548 3226 c.
570 3165 608 3227 td
630 3166 666 3228 de
688 3185 717 3228 u.
740 3187 769 3230 n.
789 3187 874 3248 pec:
895 3187 966 3232 uon.
990 3169 1070 3232 528:
1161 3226 1164 3236 ,

184 3333 256 3398 Um
271 3251 299 3312 f.
332 3251 410 3313 fnter
432 3251 599 3332 chirografo
628 3259 809 3318 mortuorum
837 3261 869 3316 et
891 3255 1027 3319 vivorum
1049 3275 1137 3320 omne
1160 3257 1327 3334 discrimen

197 3353 215 3399 0
244 3352 304 3406 ili·

271 3435 302 3497 2.
337 3436 418 3498 Lcco
442 3397 630 3517 quinquennii
645 3439 721 3502 iffius
736 3439 884 3504 biennium
899 3445 1036 3509 statuitur
1058 3445 1094 3510 ad
1110 3447 1328 3528 exceptionem

182 3537 243 3585 nnn
266 3529 437 3584 numeratae
458 3524 601 3603 pecuniae
622 3526 836 3606 opponendam.
1106 3552 1114 3559 “

192 3649 194 3656 ’
268 3621 299 3685 3.
334 3623 436 3686 Cessat
457 3626 665 3705 exceptio‘iffa

268 3745 295 3790 a.
329 3733 431 3792 contra
446 3722 643 3809 'instrumenta
665 3729 703 3790 de
725 3723 965 3812 depositis'faeta
993 3771 1031 3782 -

194 3833 197 3839 ’
269 3813 298 3876 b.
321 3820 424 3896 contra
445 3813 636 3890 securitates,
667 3833 742 3896 quae
764 3837 782 3878 a
804 3819 925 3898 reliquis
953 3821 1133 3904 chirografis
1149 3835 1187 3885 eo
1209 3819 1327 3888 distin-

182 3905 329 3980 guuntur,
359 3896 437 3978 quod
468 3899 601 3962 creditor
630 3918 681 3963 eas
704 3904 858 3982 exposuit,
888 3905 938 3967 cui
958 3907 1036 3986 quod
1059 3905 1220 3970 debueram
1243 3911 1328 3975 sofvi

183 3979 414 4065 (Quittungen).
459 3983 521 4048 Aut
538 3985 682 4064 publicae
702 3994 786 4064 sunt,
817 3988 835 4049 i.
858 4008 890 4050 e:
909 3991 1089 4070 publicarum
1113 3991 1307 4060 functionum
1315 4017 1327 4074 ς

183 4067 411 4147 autorisatae,
434 4068 452 4133 i.
476 4086 503 4130 e.
527 4070 602 4134 dotis
626 4071 786 4135 aliorumve
809 4073 983 4149 debitorum.
1104 4143 1105 4146 ,

267 4189 296 4231 α.
314 4168 426 4230 -Ptoue
447 4176 545 4234 cessat
741 4181 745 4186 ’
769 4175 770 4178 ’

268 4250 304 4334 (f
350 4261 453 4316 contra
473 4257 647 4324 securitates
665 4259 857 4339 publicarum
876 4264 1062 4342 deciduum
1083 4271 1115 4326 et
1213 4263 1215 4266 ’

269 4335 310 4424 (2
351 4339 466 4424 solutae
488 4341 575 4423 dctis,
597 4343 685 4410 modo
707 4345 812 4414 dotalia
833 4345 1025 4414 instrumenta
1047 4349 1182 4424 confecia
1203 4351 1273 4418 sint.
1415 4373 1416 4404 t
