2866 5008
504 294 799 394 ¹mar-⁴

119 467 267 532 contineri
288 467 406 544 dubium
429 485 498 534 esse
520 470 630 552 nequit.
675 468 863 537 ιιιιιιιιιιιιο
871 470 940 536 inde
962 471 1112 539 destinato
1132 472 1259 558 pecunia

122 556 292 637 appellatur
299 555 382 626 dicta
404 551 536 639 legetis,
562 575 637 636 quae
660 559 823 622 nominibus
845 559 1005 637 faciendis,
1027 563 1046 624 i.
1069 581 1096 625 ι.
1118 561 1168 626 illo
1189 561 1258 626 loco

122 640 255 704 foenoris
278 659 376 720 cause,
398 643 549 706 adomino
563 643 774 721 kalendarum
789 664 877 725 quern
894 645 1063 711 kalendario
1076 649 1260 748 praeposuit,
1282 679 1287 682 -

125 727 189 790 data
213 735 270 790 est.
312 729 425 791 Unde'
418 741 481 809 rpsa
511 729 674 808 condictio,
703 732 850 811 scriptura
878 731 1039 796 kalendarii
1067 735 1147 811 nise,
1176 735 1259 796 actio

120 814 330 878 kalendariis
355 815 555 916 Papinianol.
579 814 630 896 39,
655 816 696 878 14
717 815 755 878 de
777 816 851 880 adm.
882 825 912 881 ιι
933 837 995 898 per.
1019 824 1070 882 tut
1092 815 1260 900 XXVl,2*1

120 907 261 980 vocatur,
292 902 424 981 quamvis
446 901 615 965 kalendario
639 921 698 965 non
722 903 876 981 contrabi,
906 911 938 968 ut
961 904 1237 987 expensilatione
1225 924 1259 966 ιιι

119 987 218 1066 ipsum
239 987 372 1049 codicem
394 988 569 1068 perscripta,
587 987 640 1050 sed
659 989 791 1068 probari
808 998 918 1054 tanturn
941 993 1079 1072 potuerit.
1124 991 1260 1070 Namque

120 1079 178 1135 tam
193 1073 383 1137 contrahendi
396 1075 556 1138 auotoritas
571 1075 747 1138 infamibus
762 1076 861 1148 codici
876 1082 984 1144 ιιζιιιιιιιι
1006 1078 1150 1158 tribuitur,
1172 1094 1261 1164 quern

119 1160 263 1240 pecuniae
284 1177 358 1222 veru
379 1161 486 1237 solum,
509 1178 567 1224 non
591 1161 676 1224 etiam
695 1162 769 1242 ficto
788 1161 916 1242 datione,
937 1180 998 1226 non
1020 1163 1129 1241 litoris,
1152 1163 1206 1227 sed
1225 1181 1260 1224 re

120 1245 296 1310 contrahere
325 1245 423 1310 ollioio
451 1247 534 1325 eius,
565 1265 651 1328 quern
673 1247 843 1328 kalendario
871 1248 1005 1313 dominus
1035 1254 1260 1332 praeposuerat,

119 1333 222 1396 inerat.
255 1331 470 1396 ilalenderium
482 1334 572 1432 igitur
594 1334 709 1398 tabulae
732 1323 824 1414 erant,
847 1336 955 1415 quibus
978 1335 1041 1399 dies
1064 1335 1260 1400 contineban-

124 1427 171 1481 tur
201 1417 409 1482 solvendarum
439 1420 562 1482 sortium
596 1421 643 1483 vel
675 1422 799 1502 partium
829 1439 928 1484 earum
959 1421 1007 1485 vel
1036 1425 1210 1500 usurarum,
1242 1439 1260 1484 a

119 1503 251 1568 kalendis¹
280 1504 443 1591 appellatae
472 1505 515 1567 uti
545 1525 562 1568 a
592 1506 639 1568 die
669 1508 790 1569 diarium
822 1503 884 1589 (τ.-
910 1507 1100 1608 adversaria)
1131 1508 1198 1588 quia
1223 1513 1260 1570 ιι

119 1590 301 1654 domesticae
328 1591 453 1669 tabulae,
477 1607 600 1671 quarum
627 1593 697 1656 illud
721 1595 849 1674 epitome
871 1601 935 1657 erat
956 1594 1041 1657 sicuti
1069 1593 1260 1660 edversario-

118 1696 185 1740 rum
207 1679 271 1757 ipse
295 1676 409 1756 codex,
432 1695 486 1759 per
509 1697 627 1740 menses
651 1679 893 1780 conficiebantur,
916 1688 948 1742 et
969 1699 1081 1744 usurae
1101 1697 1156 1760 per
1171 1697 1260 1742 men-

119 1767 170 1827 ses
187 1763 394 1826 solvebantur:
417 1781 491 1846 ergo
508 1783 525 1826 ι
541 1762 647 1845 duplici
667 1783 754 1828 causa
769 1767 841 1847 ipsis
857 1765 1030 1896 plerumque
1045 1765 1178 1830 kalendis
1201 1784 1260 1888 pe-

119 1851 224 1958 cuniae
247 1850 451 1930 exigebantur.
507 1899 508 1906 ,
677 1901 678 1905 ,

163 1935 398 2000 Subtilissima
420 1935 467 2000 illa
490 1937 632 2017 quaestio,
655 1938 681 2000 si
698 1938 756 2000 isto
771 1955 842 2000 nasu
861 1946 963 2003 nostro
978 1889 1113 2002 dominus
1128 1938 1261 2019 moritur,

118 2041 239 2088 servum
262 2029 440 2086 testamento
462 2024 585 2086 liberum
610 2031 641 2085 ιι
663 2025 841 2087 coheredem
863 2026 1049 2106 relinquens,
1072 2043 1110 2088 an
1131 2024 1261 2090 solutio-

118 2122 174 2172 nes
198 2108 364 2173 debitorum
387 2126 492 2173 servus
514 2111 610 2190 possit
632 2111 770 2190 accipere
793 2119 823 2173 ιι
837 2111 914 2225 quid
940 2112 1040 2174 inde
1027 2111 1105 2194 puris
1127 2113 1181 2175 sit:
1202 2110 1261 2178 buo

117 2211 178 2258 non
200 2196 336 2277 pertinet.

206 2281 359 2355 Quatenus
382 2287 479 2345 autem
502 2297 609 2344 servus
632 2281 793 2346 dominicos
815 2291 901 2365 gerat
924 2251 1071 2362 rationes,
1094 2301 1134 2344 ex
1155 2284 1261 2359 causo,

121 2367 170 2430 oui
191 2368 378 2447 praepositus
400 2373 456 2445 est,
478 2367 668 2452 cognoscitur
689 2363 736 2448 (c.
752 2368 825 2430 2de
845 2386 945 2431 exerc.
969 2369 1004 2430 A.
1019 2369 1067 2448 lv,
1090 2363 1162 2450 25),
1185 2371 1263 2430 con-

121 2452 445 2517 dicionibusadomino
460 2452 604 2532 impositis
619 2452 790 2516 servandis:
815 2454 837 2516 l
853 2455 903 2534 ll,
918 2455 937 2516 5
954 2454 991 2516 de
1007 2414 1074 2520 insl.
1090 2453 1127 2516 A.
1143 2448 1220 2532 XlV,
1229 2453 1260 2517 3.

120 2539 251 2602 Eatenus
273 2539 364 2624 igitur
386 2536 520 2600 dominus
544 2555 598 2617 per
620 2555 740 2602 serrum
766 2540 921 2621 obligetur.
966 2541 1023 2614 Qui
1044 2540 1069 2604 si
1092 2540 1188 2618 varias
1210 2539 1260 2602 di-

119 2625 216 2689 versis
231 2621 414 2706 temporibus
427 2625 561 2706 imposuit
571 2625 777 2703 condiciones,
799 2627 889 2688 veluti
913 2626 1000 2690 modo
1016 2644 1082 2688 oum
1098 2625 1156 2688 boc
1171 2623 1259 2690 modo

121 2730 186 2774 curn
207 2710 257 2774 illo
279 2710 410 2774 contrabi
433 2711 540 2773 noluit.
572 2709 666 2773 danda
675 2719 734 2778 ιιι
757 2713 909 2792 omnibus,
937 2731 975 2774 ne
999 2713 1063 2791 quis
1087 2702 1260 2793 decipiatur,

119 2797 264 2862 adversus
288 2795 355 2860 eum
378 2797 465 2860 actio.
512 2797 635 2860 Praetor
664 2799 740 2858 enim
763 2800 792 2859 in
815 2801 879 2881 jure
903 2799 981 2860 cioca
1010 2797 1159 2861 institores
1182 2813 1259 2861 oon-

119 2883 267 2948 stituendo
290 2884 447 2963 aequitatis
463 2898 587 2983 ‘semper
609 2884 752 2947 rationem
776 2885 962 2947 observabat.
998 2883 1097 2956 Quare
1118 2883 1146 2946 si
1162 2901 1260 2946 oooso

120 2969 238 3052 quidem
260 2970 486 3054 praepositionis
501 2969 643 3049 specialis
664 2971 713 3048 sit,
737 2971 898 3052 encgotiis
915 2977 1011 3033 autern
1028 2989 1044 3032 a
1060 2987 1150 3033 servo
1165 2971 1260 3118 pestis

120 3065 150 3120 et
180 3057 377 3119 contractibus
408 3053 551 3154 perlectis
580 3056 667 3118 ιιιιιι
698 3075 763 3118 eum
794 3057 976 3138 peooroliter
1006 3056 1142 3120 omnibus
1194 3073 1259 3119 onus

63 3207 73 3217 ,
120 3140 255 3204 rideatur
277 3141 503 3222 praeposuisse:
526 3142 613 3202 tacita
637 3141 708 3203 baec
727 3145 907 3223 praepositio
923 3142 1071 3206 domiuum
1087 3140 1258 3224 obstringit:

120 3229 138 3290 l.
162 3227 198 3290 8
205 3227 285 3309 quod
302 3248 319 3290 o
335 3245 382 3290 eo
406 3227 514 3290 Contra
536 3243 601 3287 earn
625 3226 741 3306 quidem
759 3233 935 3308 aequitatem
958 3227 1022 3292 neu
1045 3234 1163 3290 veteres
1186 3245 1260 3290 cer·

116 3315 235 3392 tabant,
266 3333 354 3394 quum
377 3315 428 3394 qui
450 3311 635 3376 foenerando
659 3321 740 3376 esset
761 3315 947 3396 praepositus
970 3313 1098 3378 debitum
1123 3329 1177 3394 pro
1200 3311 1258 3378 elio

121 3400 240 3464 solbere
261 3419 321 3464 non
343 3400 476 3462 deberet.
521 3399 643 3463 Servum
667 3401 743 3462 onim
767 3403 900 3480 pecuniis
931 3407 1038 3464 tanturn
1057 3399 1259 3465 -loeuerandis

121 3485 159 3571 (l.
182 3486 203 3549 8
226 3487 273 3548 oit.
289 3487 308 3548 ι.
324 3486 363 3548 41
383 3484 421 3546 de
435 3486 469 3548 R.
487 3480 540 3566 0.)
562 3487 761 3565 praepositum
785 3487 830 3565 iis,
848 3487 929 3566 'quae
951 3489 1016 3549 sine
1036 3485 1259 3567 foenerabant,

122 3573 213 3636 veluti
236 3591 289 3652 per
304 3572 548 3635 intercessionem
573 3590 624 3634 aes
647 3572 774 3634 alienum
793 3575 1015 3653 suscipientem,
1037 3573 1182 3642 dominum
1199 3588 1259 3634 non

120 3659 309 3739 obstringere
332 3653 368 3738 (l.
386 3657 435 3736 19,
457 3656 478 3719 ’3
502 3656 539 3718 de
561 3658 627 3720 inst.
651 3657 687 3720 Α.
709 3659 757 3738 lv,
780 3657 818 3734 33
840 3659 858 3721 ι.
881 3658 903 3721 8
925 3655 1002 3742 ιιι).
1036 3659 1093 3733 Qui
1114 3658 1140 3722 si
1162 3655 1260 3721 debita

119 3763 174 3828 pro
192 3743 261 3810 aliis
283 3746 462 3822 susceperit,
485 3748 568 3806 recte
591 3741 740 3807 dominum
762 3746 872 3822 teneri3
894 3744 924 3808 id
947 3747 1022 3810 enim
1043 3747 1152 3824 foenus
1167 3743 1258 3822 ‘futu-

119 3849 184 3894 rum
207 3837 240 3892 et
257 3829 325 3893 illos
346 3849 387 3891 ex
406 3830 529 3910 pecunia
552 3829 663 3892 credita
678 3830 872 3914 obligaturum
888 3847 966 3894 esse.
1000 3829 1061 3895 Sed
1081 3829 1259 3891 solationem

119 3933 175 3998 pro
197 3916 260 3979 eliis
282 3915 388 3979 lectam
411 3917 496 3995 quasi
517 3914 747 3998 fidejussionem,
770 3919 835 3981 sine
857 3916 992 3993 foenore,
1015 3920 1099 3977 extra
1122 3930 1258 3976 commo-

121 4004 189 4064 dum
212 4001 319 4066 domini
341 4018 437 4084 neque
460 4001 524 4066 eius
546 4005 664 4084 negotia
687 4012 772 4085 gesta
795 4021 879 4080 esse,
902 4019 990 4084 quom
1013 3999 1163 4084 fidejussio
1186 4017 1258 4061 cre-

121 4086 209 4151 ditori
238 4094 347 4152 tuntum
377 4089 488 4170 prosit,
521 4101 580 4151 non
603 4090 690 4151 etiam
713 4091 741 4152 ei
764 4091 814 4170 qui
843 4089 1052 4152 intercesserit.
1096 4085 1258 4168 lmpe'retor
1378 4122 1380 4126 .

121 4192 195 4238 vero
216 4176 394 4256 praetoriam
412 4175 599 4250 eon'lirmavit
619 4177 811 4251 sententiom3
833 4175 970 4258 ideoque,
992 4175 1042 4256 qui
1060 4174 1177 4256 potitor·
1199 4172 1258 4238 do-

121 4261 215 4324 minus
237 4267 356 4323 servum
384 4259 571 4324 intercedere
596 4269 627 4322 et
650 4261 769 4324 solvere
800 4259 897 4326 debita
926 4280 982 4343 pro
1011 4261 1092 4342 aliis,
1123 4261 1258 4325 omnibus

117 4365 190 4414 eum
210 4349 339 4430 ‘negotiis
361 4346 478 4422 videtur
497 4346 694 4412 substituisse.
