2866 5008
637 218 931 374 aaa}

266 453 378 521 Servus
400 457 498 518 annm
520 448 641 514 testitum
661 465 721 512 non
742 457 782 510 ¹eu
805 444 870 527 ipso
889 441 1083 525 praepositura
1111 456 1230 522 semper
1252 445 1318 504 est:

178 543 199 606 l.
227 541 285 622 ll,
314 533 693 615 sternutantis.
738 533 808 596 Cum
834 532 1011 614 praeposita
1040 533 1150 592 tautum
1181 526 1318 596 contrahi

177 629 255 704 licet,
279 625 332 690 sed
355 625 489 690 dominus
511 625 651 704 quicum
673 622 807 686 institere
830 617 962 688 contrabi
992 616 1108 686 minime
1130 611 1192 678 vult
1210 613 1318 694 potem

175 715 206 778 id
228 713 317 777 debet
339 711 534 792 proscribere.
580 709 711 789 Amplius
735 708 821 769 etiam
847 722 912 784 ,ne
934 703 1084 783 nepotiana
1106 719 1172 762 cum
1195 718 1232 762 eo
1254 717 1317 780 ge-

176 799 278 870 ratur“
303 804 404 878 potest
425 797 578 878 proscribi.
624 794 683 859 Sed
705 794 755 858 illo
778 789 896 874 quidem
919 807 1001 867 casu,
1025 787 1158 870 quamuis
1181 804 1316 868 praepu-

176 888 253 952 situs
275 903 334 947 nou
357 886 405 960 sit,
427 884 543 946 institor
565 882 650 944 eliam
672 882 701 942 in
724 886 876 960 posterum
898 884 963 955 est,
993 894 1058 938 cum
1081 893 1140 955 quo
1160 873 1317 954 negotium

177 973 242 1054 geri
264 971 350 1045 licet;
381 971 437 1032 boe
467 987 540 1033 vero
562 986 600 1030 ne
622 967 737 1028 institor
766 963 884 1044 quidem
914 971 977 1039 est,
1008 961 1167 1026 dominicas
1194 959 1315 1026 ommno

176 1076 237 1122 non
259 1057 337 1139 gerit
358 1057 488 1119 rationes
512 1052 549 1137 (l.
572 1052 614 1117 47
636 1071 681 1133 pr.
705 1051 742 1114 de
763 1046 889 1132 pecul),
912 1049 1034 1114 taberna
1056 1049 1156 1130 igitur,
1179 1047 1204 1112 si
1225 1064 1315 1128 quam

178 1143 277 1223 babet,
300 1143 416 1224 pceulio
439 1143 615 1206 continetur.

402 1341 430 1398 n.
453 1331 498 1390 10.
542 1333 674 1390 Deiecit
696 1326 861 1405 quibusdem
885 1287 1086 1388 cismontanis.

265 1484 396 1550 Tabulae
418 1485 476 1546 rite
495 1483 643 1547 debebant
665 1484 826 1548 conscribi:

264 1570 285 1636 t.
320 1572 424 1634 Nimio
446 1572 588 1646 brevitas,
612 1570 691 1634 unde
714 1589 773 1634 non
797 1569 959 1651 intelligas,
982 1585 1041 1648 quo
1063 1566 1207 1649 pecuniae
1228 1565 1317 1630 abie-

178 1660 253 1738 rint,
283 1665 332 1722 aut
354 1676 414 1738 quo
436 1658 524 1721 modo
548 1659 709 1739 acquisitae
732 1659 805 1735 sint,
835 1657 1032 1736 suspicionem
1055 1655 1114 1718 doli
1137 1654 1201 1716 mali
1224 1654 1317 1734 parit:

179 1745 240 1808 Cic.
264 1746 293 1807 in
316 1746 401 1807 Verr.
425 1744 446 1819 l,
471 1743 512 1804 14
532 1745 570 1805 in.
615 1743 734 1822 Singula
756 1744 846 1823 igitur
867 1743 964 1804 omnia
987 1741 1133 1804 debebant
1156 1758 1225 1804 csse
1247 1739 1318 1802 col·

176 1832 255 1894 lecte
277 1838 307 1892 et
329 1832 357 1891 in
382 1828 514 1892 ordinem
537 1829 713 1908 conscripta,
736 1829 774 1889 ita
790 1834 821 1889 ut
836 1828 1053 1890 accuratissima
1074 1825 1149 1890 ratio
1170 1827 1318 1890 eluceret.

263 1915 297 1978 ll.
332 1913 456 1978 liturae
479 1915 679 1996 suspicionem
701 1913 767 1976 falsi
782 1915 946 1978 movebant.
979 1914 1026 1978 Sic
1040 1913 1222 1993 Carpinatius
1237 1912 1317 1992 apud

178 1999 238 2065 on.
261 2003 292 2064 ln
314 2002 398 2064 Verr.
422 1999 462 2080 ll,
486 1999 544 2077 76,
569 1998 630 2064 tot
655 2003 682 2062 in
707 2001 820 2063 ratione
844 2001 974 2080 accepti,
1004 2001 1053 2062 ubi
1081 1999 1184 2062 Verris
1206 2016 1318 2060 nornen

177 2089 306 2170 positum
322 2086 428 2164 fuerat,
448 2106 486 2149 ne
501 2087 550 2150 ille
566 2087 717 2150 criminum
733 2087 973 2164 convinceretur,
994 2085 1162 2148 Verrutt'nm
1173 2085 1317 2150 correxit.

264 2174 344 2248 Item,
367 2174 393 2236 si
416 2173 480 2254 quis
504 2171 614 2236 alienas
637 2173 750 2235 tabulas
773 2175 949 2246 intervertit,
973 2191 1011 2234 ne
1034 2172 1165 2235 debitum
1180 2179 1232 2233 aut
1247 2190 1316 2234 rriu-

176 2260 219 2324 lui
236 2263 296 2346 jam
318 2260 395 2322 lacta
417 2261 561 2326 restitutio
585 2257 654 2322 inde
678 2261 704 2322 ei
727 2260 885 2340 probetur,
908 2258 963 2326 sed
986 2265 1015 2322 ut
1038 2266 1087 2323 aut
1110 2257 1178 2320 nibil
1201 2276 1235 2319 se
1258 2257 1317 2318 de-

174 2347 248 2410 bere
271 2347 365 2427 possit
389 2347 588 2424 contendere,
618 2353 667 2408 aut
690 2365 749 2408 non
772 2363 841 2408 esse
870 2345 998 2408 solutum
1021 2344 1101 2424 quod
1124 2345 1179 2410 sibi
1202 2343 1316 2406 debea-

177 2440 227 2496 tur
238 2429 316 2513 (Cic.
342 2451 396 2513 pro
414 2433 540 2496 Caecina
556 2431 586 2510 6,
601 2425 677 2512 NJ:
701 2431 786 2494 dolus
803 2431 894 2494 malus
909 2431 964 2510 ipsi
980 2429 1058 2494 lurto
1074 2430 1189 2492 videtur
1208 2431 1317 2498 inesse.

267 2517 386 2578 bitume
408 2519 475 2580 olim
499 2518 595 2580 factae
618 2517 732 2579 illustre
755 2514 921 2595 exemplum
938 2523 1035 2578 exstat
1050 2516 1125 2596 apud
1142 2516 1317 2600 Ciceronem
1419 2503 1420 2546 3

176 2604 212 2665 ic
238 2601 324 2663 Verr.
346 2601 373 2679 l,
394 2602 446 2678 36,
469 2605 552 2666 cuius
576 2603 632 2663 loci
656 2605 751 2666 varias
772 2603 1030 2682 interpretationes
1051 2603 1188 2666 Kellerus
1212 2605 1317 2666 novis-

179 2691 274 2753 simus
294 2690 443 2770 interpres
465 2687 625 2752 recensuit.
671 2689 800 2760 Ouarum
824 2689 861 2750 do
884 2691 998 2770 majore
1012 2697 1096 2768 parte
1111 2689 1183 2752 nibil
1197 2690 1317 2770 amplius

179 2775 296 2837 videtur
318 2775 521 2859 adjiciendum,
546 2792 600 2836 nec
616 2775 761 2854 scriptura
778 2774 913 2838 codicum
927 2783 1042 2838 ‘temere
1065 2775 1247 2840 sollicitanda
1261 2780 1315 2841 ael.

178 2860 263 2922 iluna
285 2866 383 2924 autem
407 2879 507 2922 casum
532 2860 634 2928 Cicero
657 2862 812 2941 proponit:
913 2913 915 2918 ,
946 2915 949 2926 .
983 2919 985 2925 ι

213 2949 215 2954 ’
266 2946 376 3008 Verres
398 2947 558 3027 impuberis
579 2946 706 3010 blalleoli
729 2955 811 3012 tutor
824 2946 917 3012 lactus
933 2965 970 3010 cx
984 2948 1048 3028 ipsa
1063 2946 1225 3010 hereditate
1240 2945 1318 3010 blal-
1418 3019 1419 3026 ἶ

179 3032 250 3098 leoli
271 3033 362 3116 patris
385 3051 424 3094 ex
447 3033 617 3096 venditione
633 3052 733 3096 rerum
749 3033 990 3099 bereditariarum
1006 3034 1091 3098 tt-S.
1115 3036 1205 3100 vicies
1226 3034 1316 3114 qain-
1418 3051 1419 3100 t

178 3119 403 3202 quies'redegit
425 3121 611 3201 retinuitque.
657 3119 810 3184 llalleolus
832 3129 916 3202 pater
939 3123 968 3182 in
990 3121 1142 3202 provincia
1161 3119 1317 3184 defunctus

182 3213 256 3284 erat,
279 3208 389 3274 Verres
412 3207 441 3276 in
463 3208 614 3289 provincia
633 3203 799 3273 hereditate
821 3211 931 3286 potitus
954 3215 1009 3270 est.
1044 3209 1101 3282 Qui
1124 3208 1173 3270 ubi
1195 3207 1316 3282 Romam

180 3291 279 3368 rediit,
301 3294 445 3354 rationem
467 3293 593 3356 reddidit
616 3294 738 3370 acarini,
768 3312 825 3354 nec
853 3291 979 3372 pupillo,
1008 3295 1193 3374 nequeeius
1221 3294 1317 3370 matri,

183 3395 240 3440 neo
264 3375 572 3522 colleqistntoribus3
601 3396 654 3444 sua
685 3396 753 3440 esse
776 3377 891 3440 dicebat
921 3384 1013 3440 etex
1041 3383 1167 3460 propriis
1195 3380 1314 3458 eruisse,

180 3480 258 3544 quae
281 3481 331 3524 ex.
363 3463 504 3526 ereditate
527 3465 719 3530 obvenerant.
764 3461 894 3526 Tandem
918 3481 1005 3544 quum
1027 3466 1241 3546 postulantibus
1264 3483 1317 3527 re·

177 3549 287 3613 sistere
309 3547 431 3631 amplius
453 3569 512 3612 non
535 3557 648 3631 posset,
671 3557 703 3612 ut
726 3547 840 3612 diceret
862 3551 981 3629 saltem,
1012 3553 1316 3633 quantumpecuuiae

178 3653 221 3696 ex
248 3633 411 3698 hereditate
441 3636 497 3714 ipsi
527 3635 719 3716 contigisset,
750 3654 809 3699 non
839 3638 931 3700 semel
961 3637 1015 3702 sed
1044 3638 1199 3720 aliquoties
1230 3638 1316 3703 dixit:

178 3717 263 3783 tt-S.
288 3718 397 3784 decies.
445 3721 577 3800 ,Deinde
607 3723 635 3783 in
659 3720 769 3786 codicis
800 3730 932 3788 extrema
962 3743 1031 3788 cara
1054 3743 1159 3792 nomen
1190 3725 1317 3791 infimum
1417 3773 1418 3806 ;

179 3806 376 3888 intingitiosa
398 3805 484 3872 litura
506 3806 592 3880 facita
625 3825 756 3887 expensa
787 3810 984 3892 Chrysogono
1015 3829 1104 3874 servo
1130 3811 1218 3876 H.-S.
1242 3830 1316 3874 sex·
1417 3819 1418 3849 l

181 3900 267 3956 centa
290 3893 377 3956 millia
400 3899 520 3973 acccpla
542 3892 652 3974 pupillo
673 3895 809 3960 Malleolo
833 3896 940 3959 retulit.
964 3931 966 3936 ·
986 3896 1141 3970 Ouoarodo
1162 3916 1201 3958 ex
1218 3897 1318 3962 decies

182 3979 434 4042 ll.-S.‘saxocnta
456 3981 514 4042 sint
540 3979 634 4043 lacta:
655 3983 807 4062 quomodo
826 3981 874 4043 DC
897 3982 1002 4046 eodem
1025 3981 1113 4046 modo
1136 3983 1317 4064 quadrarint,

179 4073 213 4128 ut
234 4064 283 4124 illa
306 4063 342 4126 de
364 4063 416 4126 Cu.
440 4064 580 4153 Carbonis
602 4070 727 4147 pecunia
750 4068 861 4146 reliqua
878 4068 953 4133 H.·S
968 4077 1112 4136 sexcenta
1134 4071 1211 4132 lacta
1234 4077 1316 4134 sunt:

180 4148 327 4230 quomodo
351 4149 547 4233 Chrysogono
571 4173 702 4234 expensa
724 4157 781 4218 lata
808 4153 884 4218 sint:
915 4175 968 4218 cur
989 4157 1018 4218 id
1047 4173 1157 4222 nemen
1180 4157 1319 4236 inimum,

179 4238 208 4298 in
231 4235 375 4316 lituraque
398 4240 451 4313 sit,
476 4257 528 4302 vos
552 4241 765 4306 existimabitis.
809 4241 917 4304 Tamen
940 4240 1040 4312 tt-s.
1063 4250 1206 4317 sexcenta
1230 4243 1316 4306 miliia

180 4338 269 4402 quum
292 4330 413 4406 accepta
427 4325 584 4408 retulisset,
607 4327 691 4394 tto.
715 4325 1027 4411 quinquagintamillia
1041 4330 1139 4398 soluta
1164 4348 1223 4395 uun
1238 4335 1317 4398 runt.
