2866 5008
551 1139 673 1224 ΟΑΡ.
704 1141 750 1222 V.

251 1285 308 1402 De
333 1327 450 1406 falsie
475 1329 691 1404 literarum
716 1293 1048 1428 obligationibus.

571 1517 725 1530 μαι-...ι-

119 1631 148 1692 n.
171 1624 213 1684 ta.
257 1625 302 1684 De
323 1625 438 1684 abusion
458 1625 534 1684 nocie
560 1626 724 1701 ,literarum
748 1621 898 1702 obtinetio“
921 1626 952 1684 in
972 1625 1046 1701 ipris
1062 1623 1186 1698 fontibus

267 1737 271 1744 ·
541 1729 596 1769 usn
618 1719 754 1772 certante.

165 1865 278 1932 latram
300 1883 370 1930 cese
392 1883 496 1931 eornm
519 1868 710 1949 sententiam,
740 1866 791 1948 qui
819 1865 933 1948 accepti
955 1863 1101 1928 relntione
1120 1881 1218 1946 capno

80 1951 144 2015 sola
167 1952 260 2016 literis
283 1953 415 2017 contrabi
437 1955 615 2030 existiment,
638 1971 730 2036 snpra
751 1953 885 2016 vidintur.
919 1952 977 2036 lpsi
999 1958 1098 2014 tannen
1118 1950 1217 2014 lonten

81 2036 119 2100 cd
142 2055 205 2100 earn
228 2040 396 2122 opinionem
419 2041 574 2119 seducunt,
595 2039 685 2102 veluti
707 2039 792 2102 locus
813 2037 853 2103 ad
868 2036 1120 2120 interpretrnduru
1137 2036 1240 2102 dibi·-

82 2123 219 2188 edimus:
241 2125 260 2188 l.
283 2127 304 2187 6
325 2126 378 2188 Tb.
402 2125 433 2188 0.
456 2127 494 2188 tie
516 2125 637 2188 denunt.
659 2125 693 2204 ll,
715 2126 769 2188 42,

170 2211 221 2286 ,st
244 2213 312 2291 quie
332 2212 435 2289 debiti,
455 2211 503 2274 vet
525 2211 667 2291 pund-err
688 2211 824 2289 foenore,
846 2210 893 2274 rel
917 2217 1019 2274 mutuo
1040 2209 1109 2272 data
1122 2213 1257 2290 pecu-s

80 2298 132 2360 niu
158 2299 285 2378 sumpsit
311 2298 481 2374 exordium,
511 2299 558 2359 ret
588 2315 627 2358 en
655 2297 715 2359 etio
730 2297 867 2377 quolibet
888 2296 989 2375 cnuto,
1016 2297 1046 2358 in
1068 2296 1218 2359 literarum

81 2383 288 2463 obligationem
305 2382 380 2445 locta
397 2385 531 2446 cantione
548 2382 717 2445 translatum
733 2390 787 2462 est,
860 2381 966 2464 dirigat
978 2383 1122 2446 actionem
1137 2380 1218 2446 etc.l

80 2469 246 2531 literarum
263 2470 351 2550 igitur
369 2469 508 2552 obligatio
525 2469 581 2532 boc
596 2469 661 2532 locu
678 2471 817 2531 mentione
833 2467 948 2532 ridetur
969 2469 1044 2548 beri,
1065 2469 1084 2530 i.
1101 2487 1130 2531 e
1141 2485 1218 2532 con·

81 2554 164 2617 trabi.
210 2554 376 2634 Quaeritur,
406 2563 501 2618 ntrnn
529 2557 667 2636 propriae
695 2556 843 2618 literarum
866 2554 1057 2638 obligationis
1079 2550 1218 2638 (labrot.

80 2641 117 2703 ad
140 2640 271 2722 Tbenptr.
295 2643 336 2702 tit.
354 2642 436 2705 deb.
454 2640 520 2723 O.],
544 2659 580 2704 an
602 2643 766 2723 scripturae
788 2659 920 2721 mennae,
942 2660 979 2704 nn
1002 2641 1090 2704 debiti
1109 2641 1138 2702 in
1153 2640 1219 2706 cbi-

80 2725 192 2808 rograb
214 2727 388 2807 scripturam
411 2728 522 2791 redacti
544 2730 653 2791 mentio
674 2728 732 2791 illic
753 2728 812 2792 liat.
856 2730 923 2791 Vox
950 2727 1068 2808 quidem
1097 2735 1218 2806 ,trane-

80 2812 162 2876 ferrc
183 2812 212 2875 in
236 2813 463 2894 obligationem“
487 2817 679 2877 novationem
700 2814 816 2876 ridetur
837 2815 1021 2896 signiticare;
1043 2821 1219 2876 tamennon

81 2916 121 2960 ex
142 2897 334 2978 obtiprrtione,
357 2901 412 2963 sed
432 2919 472 2962 ex
494 2901 578 2962 tituto
600 2901 695 2962 literis·
714 2900 822 2962 dicitur
844 2901 985 2964 contrabi
1029 2900 1089 2965 sec
1112 2915 1218 2963 uocem

82 2984 221 3064 ,titntne“
253 3003 354 3047 veram
384 2986 594 3067 obligationem
620 2985 864 3064 antecedentem,
890 3003 950 3050 nnn
975 2989 1085 3069 juetam
1107 2993 1219 3049 tanturn

82 3069 229 3151 obligandi
250 3088 372 3133 cansam
391 3071 443 3134 illo
463 3071 530 3134 loco
553 3072 725 3150 continere,
755 3071 892 3153 exemplo
921 3074 1012 3136 mutui
1034 3080 1065 3134 et
1086 3068 1219 3136 loenon‘e

80 3155 170 3218 attero
191 3155 263 3219 sctis
286 3157 437 3236 probetur.
483 3156 629 3236 Obligatio
652 3158 741 3239 igitur
761 3157 831 3220 loco
852 3163 955 3220 nostro
984 3157 1140 3220 constituta
1160 3164 1219 3236 cst,

82 3242 252 3323 priusquam
274 3243 372 3306 cauno
388 3242 445 3305 flat
478 3242 510 3305 td
530 3249 629 3304 temen
640 3243 701 3326 janu
717 3241 915 3306 Gotbofredns
930 3243 962 3304 in
981 3241 1099 3306 dubimr
1121 3247 1221 3322 uocat,

80 3345 119 3390 en
141 3327 350 3410 obligatinilla
370 3329 440 3392 loco
454 3335 557 3392 nostro
571 3337 709 3406 emetur,
731 3329 869 3409 etptnrtc
883 3328 1018 3410 exempla
1029 3327 1126 3408 allent,
1149 3329 1219 3410 qui-

80 3415 140 3476 bus
170 3415 218 3493 ,in
240 3415 416 3494 scripturam
441 3413 623 3480 impetere
655 3431 716 3478 non
745 3413 872 3479 nouandi
902 3431 993 3478 renea
1021 3416 1137 3497 reniet,
1165 3415 1219 3478 sed

81 3500 236 3580 pristinum
267 3500 396 3568 debitum
426 3502 574 3584 integrum
602 3508 735 3564 maneat·
771 3501 820 3565 Sic
841 3521 867 3564 c.
892 3499 1022 3565 boeot.
1046 3501 1085 3564 de
1107 3501 1219 3565 lueret.

80 3584 158 3663 xvt,
173 3587 193 3646 5
219 3585 376 3664 ,mancine
396 3588 424 3648 in
440 3587 556 3668 publica
572 3585 795 3663 momrmenta“;
819 3595 876 3651 etc.
891 3586 912 3652 5
927 3588 1002 3652 Just.
1026 3588 1057 3651 G.
1081 3587 1121 3649 de
1138 3605 1165 3650 n.
1189 3605 1218 3650 n

81 3687 149 3751 pec.
172 3669 226 3748 tv,
248 3669 292 3732 30
314 3689 423 3750 ,qnam
446 3689 486 3736 ox
506 3671 821 3754 praecedente-censa
851 3673 940 3738 debiti
970 3676 998 3736 in
1016 3671 1221 3754 'ettrogrrnnn

81 3756 230 3838 quantitas
258 3756 403 3838 redigitur
432 3755 647 3842 [dirigatur)“.
691 3759 738 3822 Ex
766 3759 869 3822 eadem
891 3761 960 3843 lege
982 3757 1222 3840 distinguendum

82 3849 138 3920 ert,
158 3848 257 3906 utrum
280 3842 409 3906 debiam
432 3844 602 3927 cbirogrclo
623 3844 787 3922 antecedet,
809 3865 847 3907 an
865 3847 953 3925 panni
968 3844 1081 3905 credita
1094 3845 1219 3924 pecunie

81 3945 102 3990 e
123 3927 290 4010 chirografo
313 3935 437 4010 petatur.
466 3930 527 3992 litto
548 3931 635 4008 enirn,
656 3931 709 3994 nbi
730 3931 858 3992 debinnn
876 3929 1056 3992 antecedenr
1068 3928 1219 4008 prober·

82 4021 157 4076 tom
180 4021 232 4091 eet,
255 4013 411 4097 chirograli
432 4018 524 4079 verbe
546 4017 709 4079 debitorem
728 4016 929 4097 obstringunt;
954 4016 999 4075 bic
1017 4016 1220 4095 exceptionem

82 4115 146 4162 non
166 4110 341 4164 numeratae
359 4103 509 4181 pecuniae
530 4119 602 4166 reue
623 4101 751 4182 opponit.
781 4100 937 4180 llunqnanr
955 4101 1044 4182 igitur
1063 4101 1220 4182 chirogra-

83 4186 145 4249 ium
167 4188 200 4248 in
221 4205 255 4250 ne
276 4188 333 4248 vim
357 4187 505 4269 obligandi
528 4189 674 4266 continet,
704 4203 803 4264 eoque
829 4203 846 4248 a
869 4186 1016 4250 literarum
1040 4187 1221 4268 obligatione

84 4271 240 4353 discrepat.
285 4273 456 4338 centonem
485 4279 583 4337 autern
612 4273 689 4336 idem
718 4270 806 4351 quod»
821 4271 1018 4354 chirografum
1046 4291 1133 4352 eree,
1161 4281 1220 4338 tarn

11 4427 15 4464 r
83 4358 323 4442 interpretatione
344 4378 370 4426 c
393 4359 416 4424 3
436 4359 504 4425 eod
525 4375 612 4442 qnam
633 4377 661 4424 u
683 4357 712 4422 t.
735 4357 789 4423 'lb
811 4356 842 4423 st
866 4359 892 4424 ri
914 4365 986 4424 cert.
1011 4367 1070 4442 pet.
1094 4357 1134 4423 de
1154 4359 1220 4423 ctri-
