2866 5008
575 231 802 310 ,ab

105 404 271 484 -llcrninon
288 412 482 490 ‘putemne
504 423 575 477 reus
597 406 693 483 taetus
715 415 771 489 est,
794 408 1052 490 elirandons
1073 409 1160 492 dnn
1174 428 1260 492 uuus*

117 494 299 562 retinentur:
322 493 437 575 peculia
459 495 588 562 omnium
611 496 789 580 vicariiquoe
810 493 1003 574 renuentur‚“

203 579 367 661 Acceptum
388 580 474 645 dicul
503 579 635 656 refertur
663 585 703 647 ex
730 591 831 648 nostra
861 590 944 650 certe
973 585 1136 666 sententio,
1164 605 1253 667 quarn

117 684 209 747 supra
232 667 458 747 explicavimus,
488 675 546 738 tam
570 668 649 749 quod
679 671 845 752 accepimus
867 670 903 742 an
932 669 981 742 illo
1012 688 1098 752 quem
1121 673 1202 758 quad
1225 672 1256 750 ei

116 753 174 835 ipsi
195 751 349 824 debemus.
392 752 450 816 Sed
473 759 576 818 nostro
598 754 717 836 ,quidem
739 755 807 822 tceo
835 755 982 840 idipsum
1010 756 1174 840 expansum
1197 765 1254 832 ast.

116 839 287 920 Expensum
309 847 356 902 est
377 857 478 908 swervn.
522 839 679 906 Cuiusnam
706 842 731 904 is
758 859 864 917 servus
887 843 942 922 sit,
972 849 1069 910 utrum
1091 843 1193 914 Verris
1215 863 1255 920 ap

118 924 263 1004 Malleoli,
292 926 418 1006 primum
441 926 600 1006 quaeritur.
645 927 812 1008 Expensum
843 935 894 998 out
922 928 1068 1000 antecedit
1096 937 1254 1012 acceptum

117 1019 262 1096 tompore,
285 1019 336 1082 aut
358 1013 506 1093 posterius
529 1019 583 1084 est,
629 1013 762 1086 Quodsi
785 1021 1001 1092 antecesserat,
1022 1021 1175 1097 acceptum
1196 1003 1255 1088 τοὶ

115 1095 250 1176 ferimus,
273 1098 321 1165 ubi
344 1097 472 1166 detritum
489 1098 574 1164 nobis
590 1101 752 1166 restituitur
758 1121 768 1175 ;
790 1102 835 1164 sin
853 1101 1002 1182 posterius
1019 1106 1075 1182 est,
1097 1109 1253 1186 accepturu
1339 1101 1341 1104 ’

115 1181 289 1263 scierimus,
307 1181 400 1265 'quod
422 1185 479 1266 ipsi
501 1184 658 1252 debemus:
680 1185 768 1266 quod
791 1187 842 1252 ubi
864 1187 1065 1267 restituimus,
1089 1191 1254 1272 expensum

115 1268 247 1343 ierimus,
291 1267 392 1348 Utrum
415 1277 519 1340 nostro
548 1272 631 1353 prius
654 1271 762 1342 iactum
793 1274 830 1348 sit
851 1271 935 1336 loco:
967 1271 1042 1352 inira
1071 1274 1235 1350 videbimus
1242 1295 1253 1356 ξ

115 1362 241 1438 utroque
264 1363 361 1428 tamen
384 1373 456 1424 casu
479 1376 605 1422 neeesse
627 1365 683 1440 est,
705 1363 738 1422 ut
761 1357 897 1422 Malleoli
915 1377 1021 1434 servus¹
1038 1358 1152 1442 Chryso
1172 1378 1252 1428 oeus

114 1443 161 1508 sit.
205 1442 278 1514 Nam
301 1443 348 1506 oui
365 1448 518 1524 acceptum
535 1441 648 1522 refero,
671 1463 736 1520 cum
754 1464 791 1508 eo
807 1446 951 1526 connexi,
974 1445 1025 1530 qui
1040 1453 1086 1508 est
1097 1379 1252 1532 Matienius

114 1535 217 1599 nostro
240 1528 318 1593 loco.
362 1524 602 1610 Συναλλάῖματος
621 1537 722 1598 eutem
744 1538 849 1596 natura
871 1529 1003 1614 requirit,
1025 1537 1057 1600 nt
1069 1533 1119 1598 uni
1134 1531 1251 1606 eidem.-

115 1633 174 1700 quc
197 1633 361 1696 expensum
384 1623 434 1686 aut
453 1613 568 1681 feratur
591 1623 641 1685 aut
660 1617 750 1704 latum
772 1618 820 1694 sit,
844 1617 892 1702 opi
914 1623 1068 1702 acceptum
1089 1625 1142 1686 aut
1163 1617 1253 1698 lutuno

114 1701 152 1764 sit
180 1708 232 1765 eut
261 1702 382 1768 leretur.
434 1701 529 1772 Servo
560 1703 625 1772 sine
657 1702 744 1765 dubio
774 1703 897 1783 pecunia
927 1709 1028 1784 potest
1057 1701 1252 1784 adnumerari,

114 1786 232 1858 domino
255 1787 470 1867 transferenda,
492 1789 557 1854 sive
580 1783 744 1854 debitorum
768 1788 947 1870 accipiendis
969 1787 1168 1866 solutionibus
1187 1792 1253 1862 sivo

114 1875 222 1944 mutuis
245 1877 332 1946 etiam
354 1874 532 1956 accipiendis
555 1875 686 1961 pecuniis
702 1876 881 1956 praeposito.
927 1875 1066 1950 Quamvis
1082 1883 1180 1950 autem
1195 1893 1252 1962 per

114 1978 235 2030 sertum
258 1962 351 2042 possit
380 1962 504 2043 pecunia
533 1961 702 2034 transferriz'
732 1968 829 2027 lamen
859 1961 955 2026 literis
982 1978 1040 2044 non
1070 1969 1169 2042 potest
1197 1979 1252 2048 per

114 2061 231 2116 seruum
261 2049 302 2119 ite
324 2047 473 2125 contrahi,
502 2053 534 2115 ut
563 2049 619 2128 ipsi
648 2065 738 2120 servo
768 2065 900 2128 expensa
922 2066 939 2113 a
962 2046 1110 2124 creditore
1138 2048 1252 2124 teratur

112 2132 248 2214 pecunia.
292 2134 386 2197 Nemo
409 2135 486 2196 enim
509 2141 628 2215 praeter
649 2141 749 2214 patres
771 2133 943 2203 tantillarum
961 2135 1010 2216 jus
1025 2134 1252 2210 domesticarum

113 2220 257 2296 rationum
280 2220 383 2284 habet,
420 2221 453 2282 ln
474 2221 600 2282 arcario
622 2226 720 2282 temen
742 2221 871 2300 nomine,
893 2237 983 2301 quum
1002 2219 1162 2302 prodendi
1179 2227 1249 2282 tan-

113 2311 172 2371 tuur
196 2305 323 2374 medium
345 2307 392 2382 sit,
413 2305 486 2366 otilo
507 2306 593 2368 etiam
608 2304 739 2376 ,uidetur
755 2323 842 2383 esse,
865 2312 914 2383 ut,
937 2322 990 2386 per
1013 2321 1100 2384 quem
1119 2305 1248 2386 pecunia

113 2391 320 2468 atterendae,
343 2391 439 2464 eidem
462 2409 593 2470 expense
615 2390 736 2470 foretur.
772 2390 1066 2464 Quare-nullomodo
1080 2389 1144 2452 ileri
1157 2407 1248 2472 posse

113 2495 234 2556 eenoeo,
255 2485 288 2546 ut
308 2477 348 2561 ,de
370 2477 518 2548 inermum
542 2477 720 2558 obligatione
742 2483 845 2541 nostro
867 2477 936 2542 loco
950 2482 1061 2558 agatur.
1107 2475 1193 2560 Quod
1209 2493 1247 2547 eo

112 2564 198 2634 edunt
221 2563 372 2641 refellitur,
395 2564 462 2644 quia
485 2561 523 2624 de
545 2564 666 2643 negotio
682 2562 757 2634 inter
772 2563 912 2644 pupillum
926 2574 957 2626 et
972 2569 1098 2628 tutorem
1112 2563 1247 2644 gerendo

112 2656 143 2712 et
165 2650 194 2719 in
216 2651 316 2729 speeie
331 2649 369 2713 de
383 2647 541 2718 reddendis
557 2649 665 2715 tutelae
680 2650 843 2723 rationibus
858 2649 963 2718 onero
977 2649 1058 2730 agit:
1078 2649 1143 2720 lom
1158 2667 1247 2729 quum

111 2731 147 2798 iis
169 2736 332 2806 rationibus
361 2734 522 2800 reddendis
551 2736 694 2818 pecuniae
723 2753 842 2818 quoque
864 2735 1024 2816 pupillaris
1042 2735 1187 2804 restitutio
1209 2736 1248 2812 sit

116 2819 319 2904 adiungenda:
350 2821 388 2886 de
409 2823 464 2890 nae
486 2823 549 2903 ipse
579 2822 764 2890 restitutione
794 2839 901 2886 nornen
921 2821 1000 2903 'niun
1030 2821 1147 2895 uidetur
1177 2839 1247 2900 esse

112 2909 325 2990 conmutatum:
347 2909 477 2990 imoque
492 2909 649 2975 arcarium
660 2915 719 2971 est.
752 2907 891 2973 (iudicem
908 2908 987 2982 enim
998 2905 1077 2981 utun
1093 2907 1248 2978 tutelarem

111 2992 221 3072 fuisse,
243 3013 332 3075 quem
355 3002 435 3056 tutor
458 2995 495 3055 de
517 2993 767 3056 administratione
789 2995 832 3054 rei
854 2993 1002 3075 pupillanis
1026 2993 1248 3078 conscripserit,

110 3097 149 3149 eo
171 3081 327 3160 probetur,
353 3078 444 3160 quod,
466 3080 507 3150 uti
529 3079 606 3160 apud
630 3079 801 3142 Ciceronem
824 3079 967 3159 legimns,
997 3086 1100 3148 contra
1122 3073 1254 3140 Verrem

110 3171 216 3248 postea
238 3165 275 3236 de
298 3166 389 3234 tutela
411 3165 522 3247 agitur,
562 3164 628 3238 Quo
650 3165 679 3226 in
698 3164 810 3246 judicio
831 3164 911 3236 illurn
927 3164 1021 3235 sotum
1037 3156 1173 3243 prolerre
1190 3179 1247 3234 cns-

110 3251 204 3322 duam
227 3257 327 3333 potest
349 3253 426 3334 cogi,
448 3252 499 3332 qui
517 3250 599 3331 ipsas
620 3251 751 3318 rationes
771 3247 914 3316 tutelares
932 3247 1089 3322 contineat,
1172 3321 1175 3326 ⁵
1249 3303 1251 3312 ,

182 3337 262 3406 -Duo
284 3339 372 3420 igitur
393 3337 533 3419 imprimis
556 3336 709 3408 Ciceronis
733 3335 892 3416 opproprio
911 3341 998 3412 sunta
1024 3373 1026 3378 .
1144 3387 1147 3398 ,

195 3422 217 3491 Ι.
239 3425 341 3492 lituro.
385 3422 472 3492 dliud
495 3424 584 3506 igitur
606 3430 692 3492 antea
714 3421 743 3484 in
768 3421 870 3492 eodem
891 3419 1003 3488 codicis
1015 3419 1086 3496 loco
1102 3421 1248 3505 scripturn

112 3509 230 3580 videtur
251 3508 354 3576 fuisse.
396 3510 435 3580 Et
458 3507 560 3580 diseo
590 3508 708 3588 quidem
730 3508 832 3581 Hes.
861 3507 963 3574 demes
992 3508 1110 3598 conjicit
1138 3509 1246 3584 itidem

109 3603 232 3678 accepta
247 3594 389 3676 principio
404 3594 496 3668 tuisse
508 3595 616 3670 celanen
639 3601 780 3674 quantum
792 3594 891 3658 verbis
903 3601 986 3658 certe
1002 3594 1112 3670 Verres
1125 3597 1246 3677 saepius

112 3681 269 3752 confessus
289 3687 355 3747 erat
376 3697 410 3748 se
432 3680 552 3752 detero.
597 3680 673 3753 llicit
692 3682 770 3752 anim
794 3679 914 3754 dicero:
940 3679 1109 3761 ,quomodo
1130 3699 1172 3756 eos
1186 3680 1245 3754 de-

111 3770 173 3837 cies
194 3767 283 3839 n-s
305 3770 446 3834 sexcenta
465 3767 525 3836 sint
546 3765 654 3835 loeta.“

198 3854 230 3918 ll.
256 3851 424 3936 „quomodo
447 3851 623 3922 licendum
654 3851 742 3917 modo
770 3850 955 3936 quadrarint,
985 3858 1017 3918 ut
1045 3849 1093 3918 nia
1122 3849 1161 3916 de
1188 3849 1244 3928 oo.

111 3938 253 4020 Carbonis
275 3940 408 4022 pecunia,
430 3939 545 4020 reliqua
565 3939 652 4003 ll.-S.
676 3947 817 4002 sexcenta
838 3939 914 4002 fecte
937 3935 1033 4010 sunt,“
1060 3969 1098 3992 «-
1123 3935 1246 4012 comum

113 4027 208 4104 enim,
237 4026 363 4098 Malleoli
392 4026 482 4106 putris
514 4023 704 4090 heredita-tom
734 4027 819 4106 quasi
847 4025 996 4104 propriam
1018 4041 1035 4088 e
1058 4023 1153 4101 Verre
1175 4039 1245 4088 esso

112 4120 300 4194 cauponam,
328 4130 386 4178 ,uec
415 4119 522 4192 noento
548 4111 662 4188 fuerit,
683 4110 789 4178 tabuiis
815 4111 969 4190 principio
991 4109 1138 4175 traditum.
1182 4109 1244 4184 Sed

112 4199 141 4261 id
163 4199 285 4280 primum
308 4199 413 4266 tutoris
436 4196 561 4273 cilicium
584 4203 647 4275 est,
677 4204 709 4260 ut
730 4197 924 4268 inventarium
951 4196 995 4258 rei
1025 4194 1174 4278 pupillaris
1195 4195 1245 4272 la·-

114 4285 179 4357 ciat.
221 4282 309 4360 noel
335 4283 473 4355 emenso
503 4284 644 4364 Verrem,
673 4289 704 4346 et
725 4283 754 4354 iu
777 4289 911 4354 ennena
933 4279 1050 4358 denum
1072 4301 1151 4364 oona,
1173 4283 1193 4346 i.
1214 4300 1244 4360 a,
