2866 5008
645 281 687 324 ...·
730 257 858 340 24¹.-

185 457 222 522 in·
239 459 370 520 extrema
392 439 501 517 codicis
523 445 655 516 tutelaris
685 449 791 532 pagina
813 444 862 530 (in
885 445 943 510 fine
974 442 1064 529 igitur
1093 437 1242 528 tutelae),
1272 443 1327 506 in-

185 545 301 620 fimum,
338 542 357 605 i.
387 559 415 602 e.
445 541 474 601 in
508 544 641 602 extrema
672 537 734 598 cins
768 537 893 616 paginae
927 540 1028 614 parte,
1061 533 1170 595 iecisse
1204 548 1325 608 nomen,

190 647 248 710 quo
278 633 416 708 quantum
446 622 615 688 hereditatis
646 618 736 685 causa
774 621 931 683 restituere
960 619 1083 681 deberet
1113 616 1324 684 confiteretur:

186 713 245 777 doli
268 714 334 775 mali
356 712 553 791 suspicionem
576 718 607 772 et
630 709 694 771 falsi
723 707 857 769 Ciceroni
890 711 1012 769 movet·
1041 703 1099 766 Sed
1122 709 1212 766 totam
1235 704 1325 764 etiam

188 820 205 862 a
228 799 322 862 Verre
345 815 413 860 esse
437 802 639 876 consumptam
662 793 853 855 hereditatem
877 792 973 876 arguit
981 811 990 865 ;
1014 788 1092 872 qnod
1109 791 1186 853 enim
1209 807 1244 851 se
1265 789 1327 850 dc-

184 887 259 950 hcrc
282 883 466 961 confiteatur,
489 882 517 944 id
540 900 598 943 non
612 899 651 942 ex
663 879 825 942 hereditate
846 879 990 958 reliquum
1014 893 1093 953 esse,
1116 875 1170 936 scd
1186 893 1225 936 ex
1244 874 1326 936 lurlo
1423 947 1424 968 ,

185 974 215 1034 in
237 971 378 1053 pecunias
401 969 573 1032 consulares
597 969 766 1029 commisso.
812 964 877 1037 Ono
901 965 940 1025 de
958 963 1038 1026 iurto
1061 981 1088 1024 v.
1109 961 1169 1024 Cic.
1185 963 1214 1023 in
1237 962 1324 1022 Verr.

184 1057 208 1137 l,
232 1057 281 1119 14.
327 1057 436 1118 Verres
458 1054 547 1136 igitur
576 1055 700 1135 primunr
724 1049 840 1130 quidem
864 1049 963 1112 decies
986 1048 1071 1112 lt-s.
1094 1054 1216 1128 accepta
1238 1053 1325 1110 retu-

186 1143 272 1221 lerat,
295 1161 383 1224 quum
406 1141 543 1203 crederet
567 1144 676 1200 tantum
699 1138 754 1200 sibi
777 1155 816 1198 ex
838 1134 1001 1197 hereditate
1030 1133 1156 1215 expilata
1178 1133 1325 1214 reliquum

185 1229 333 1304 iulurnm3
355 1245 411 1305 ne,
434 1227 459 1290 si
482 1227 624 1288 minorem
648 1242 788 1286 summam
812 1222 969 1284 confessus
993 1227 1074 1284 esset
1096 1220 1212 1300 scriptis
1235 1237 1324 1300 quam

185 1315 306 1391 verbis,
334 1331 405 1376 reus
428 1311 522 1374 heret.
567 1311 671 1374 Postea
695 1317 808 1385 lamen,
838 1314 869 1370 nt
891 1305 1034 1389 prodigus
1057 1313 1138 1384 crat,
1168 1306 1254 1368 etiam
1277 1305 1325 1367 illa

189 1399 347 1462 deliniebat
368 1399 491 1477 pecunia
499 1417 508 1472 3
531 1398 584 1459 sed
608 1397 751 1458 tutelares
768 1395 898 1456 rationes
916 1400 1000 1455 erant
1015 1393 1179 1468 conlectae,
1201 1409 1325 1472 quarum

186 1487 216 1547 irr
239 1485 298 1546 bne
320 1483 367 1545 illa
391 1481 540 1551 confessio
564 1483 706 1543 exstabat.
741 1481 803 1544 lam
829 1481 1026 1562 Chrysogono
1048 1478 1215 1540 abdalleolo
1238 1495 1325 1542 com-

186 1571 311 1633 mittitur
333 1568 477 1646 olfioium,
508 1576 539 1631 ut
563 1569 671 1631 tutelae
694 1567 861 1630 reddendas
884 1585 900 1628 a
925 1567 1018 1627 Verre
1041 1566 1161 1645 accipiat
1189 1570 1246 1625 lem
1270 1583 1325 1626 ra-

187 1658 287 1720 tiones
310 1674 398 1736 quam
422 1657 500 1736 ipsas
524 1657 672 1736 pecunias.
719 1653 786 1731 Oui,
808 1657 965 1732 corruptus
986 1651 1111 1712 aVerre
1134 1651 1175 1711 uli
1198 1649 1325 1728 videtur,

184 1745 317 1806 rationes
340 1741 582 1819 manifestamque
605 1741 718 1801 lituram
742 1740 913 1819 comprobat
921 1757 930 1812 3
953 1737 1006 1798 sed
1029 1755 1068 1798 ne
1090 1743 1232 1798 sexcenta
1255 1737 1326 1816 qui-

189 1829 255 1890 dem
279 1826 366 1888 millia
389 1825 436 1887 illa
451 1827 566 1906 integra
581 1826 694 1904 accipit,
717 1825 770 1886 scd
793 1824 1003 1907 quinquaginta
1026 1822 1144 1884 millium
1168 1821 1326 1884 deductio-

186 1932 253 1976 nem
277 1914 306 1973 in
328 1910 472 1973 solvendo
495 1913 603 1992 patitur
625 1909 698 1985 ficri,
722 1917 751 1971 et
774 1909 897 1972 Verrem
921 1911 1029 1971 domini
1051 1910 1169 1971 nomine
1191 1927 1207 1970 a
1231 1911 1326 1971 ralio-

186 1996 274 2061 nibus
297 1995 455 2059 reddendis
478 1997 591 2072 liberal,
614 2013 714 2077 parem
738 1995 909 2058 adscribens
932 1997 1075 2057 rationem
1093 2003 1122 2056 et
1138 1994 1232 2056 codici
1248 1996 1326 2057 sub-

189 2085 324 2148 scribens
347 2083 472 2145 tutelari.
517 2082 669 2146 Malleolus
693 2100 765 2143 vero
789 2083 869 2145 servi
892 2082 999 2144 lactum
1022 2098 1080 2144 non
1104 2082 1247 2162 agnoscit,
1271 2081 1327 2144 sed

186 2187 271 2234 reum
295 2171 418 2231 Verrem
441 2169 550 2232 tutelae
568 2168 679 2252 judicio
703 2169 859 2230 constituit.

208 2266 212 2270 ’
275 2255 327 2319 Cui
350 2257 581 2336 interpretationi
604 2273 642 2315 ne
673 2256 879 2336 grammaticae
911 2253 1027 2334 quidem
1056 2249 1178 2332 regulae
1206 2253 1328 2316 obstare

186 2341 256 2405 mihi
278 2341 424 2404 videntur.
470 2342 556 2415 Quod
580 2343 656 2403 enim
681 2343 785 2405 rnerilo
809 2341 947 2424 objicitur
969 2341 1015 2416 iis,
1039 2341 1088 2419 qui
1110 2339 1327 2420 expensilatio-

184 2447 252 2492 nem
276 2435 378 2491 nostro
402 2429 469 2490 loco
485 2427 590 2489 iactam
606 2428 734 2507 priorem
751 2433 884 2506 tempore
901 2433 1001 2506 putant
1016 2426 1118 2502 foisse,
1141 2426 1165 2487 si
1180 2426 1208 2486 id
1222 2443 1327 2488 verum

186 2521 287 2589 esset,
310 2512 484 2575 Ciceronem
509 2513 652 2575 dicturum
675 2511 785 2574 fuisse:
819 2531 913 2591 ,quae
936 2529 1067 2591 expensa
1089 2513 1213 2591 fuerant
1233 2507 1326 2593 (sauz

184 2599 293 2679 scripta
310 2601 410 2674 erant,
433 2599 518 2676 quasi
535 2605 631 2658 essent
646 2593 797 2679 expensa]
823 2598 1081 2678 Chrysogono...
1106 2605 1225 2678 accepta
1248 2597 1327 2660 blal-
1422 2626 1423 2678 f

188 2685 269 2748 lcolo
299 2683 436 2746 retulit“:
460 2683 546 2745 nobis
568 2700 627 2744 non
650 2689 750 2762 potest
772 2685 889 2764 opponi,
913 2684 962 2763 qui
984 2698 1054 2745 ano*
1072 2684 1231 2764 eodemque
1253 2692 1329 2746 tcm-

181 2789 261 2850 pore
282 2789 299 2832 a
322 2769 479 2832 colludenti
503 2777 575 2830 cum'
593 2768 791 2849 Chrysogono
816 2769 909 2831 Verre
932 2769 1195 2850 expensilationem
1219 2779 1248 2832 et
1270 2789 1326 2832 ro-

185 2859 263 2936 cepti
285 2855 458 2916 relationem
481 2871 548 2915 esse
571 2853 663 2916 factas
686 2856 888 2919 existimemus
909 2857 939 2916 in
958 2874 992 2917 ca
1009 2856 1120 2918 codicis
1136 2863 1229 2937 parte,
1249 2874 1325 2936 quae

187 2947 274 3004 antea
297 2942 326 3000 iri
350 2957 482 3020 expenso
506 2937 623 3022 quidem
647 2959 738 3002 vacua
764 2942 866 3021 luerit,
887 2943 917 3004 in
941 2951 1065 3023 accepto
1087 2961 1161 3018 vero
1185 2945 1324 3025 majorem

184 3027 319 3090 habuerit
342 3044 493 3088 summam.

275 3112 384 3174 Kelleri
407 3112 524 3193 quidem
549 3130 565 3173 a
588 3120 688 3175 nostra
713 3111 858 3194 discrepat
882 3115 1102 3197 interpretatio,
1125 3116 1252 3194 reliquas
1275 3121 1325 3177 ta-

185 3215 253 3262 men
274 3197 332 3262 loci
356 3200 448 3261 nostri
471 3200 729 3278 interpretationes
752 3202 943 3280 sagacissime
967 3200 1138 3263 refellentis.
1173 3201 1325 3263 Existimat

185 3289 273 3365 enim,
296 3285 333 3346 de
356 3287 581 3364 transcriplicio
604 3287 720 3360 nominc
744 3287 810 3348 loco
833 3293 936 3349 nostro
958 3287 1015 3367 agi.
1051 3286 1192 3354 Concedit
1207 3287 1324 3366 quidem

184 3373 260 3451 ipse,
283 3371 469 3432 novationem
492 3371 569 3431 illam
593 3371 755 3438 secundum
786 3371 906 3451 regulas
937 3373 1031 3434 stricti
1061 3374 1134 3453 juris
1165 3390 1223 3435 non
1255 3392 1324 3436 esse

184 3453 356 3536 perlectam,
379 3473 467 3533 quum
490 3472 597 3518 servus
620 3473 732 3517 novare
755 3473 813 3518 non
836 3458 938 3536 possit.
976 3455 1085 3520 'lamen
1102 3458 1130 3519 id
1147 3476 1237 3540 saepe
1255 3477 1323 3522 csse

144 3626 145 3629 Ἴ
186 3541 296 3602 factum
319 3540 428 3618 excipit
456 3549 487 3601 et
516 3542 722 3603 ratihabitione
744 3540 852 3604 domini
881 3542 1054 3623 perfectum.
1099 3543 1176 3622 Sed,
1199 3559 1326 3624 quaero,¹

185 3629 287 3688 nonne
307 3623 500 3704 expensilalio
524 3634 605 3688 actus
629 3628 774 3707 legitimus
791 3636 847 3707 cst,
869 3629 1073 3693 condicionem
1090 3648 1149 3693 non
1165 3633 1322 3712 recipiens,

184 3717 283 3790 neque
305 3711 469 3791 insequenti
499 3712 702 3774 ratihabitione
732 3715 925 3792 perficienda,
955 3732 1045 3796 quum
1069 3714 1214 3779 deficienti
1233 3720 1321 3800 Jossu

185 3796 221 3858 ab
243 3797 325 3859 initio
348 3798 384 3860 sit
406 3797 535 3859 vitiosa?
580 3796 639 3860 Sed
662 3799 691 3858 in
714 3815 752 3860 eo
775 3818 840 3862 cum
862 3801 979 3863 Kellcro
1003 3804 1217 3879 consentimus,
1241 3803 1319 3884 quod

203 3884 383 3946 tservanda
405 3884 443 3946 sit
464 3882 597 3946 codicum
627 3883 714 3945 lectio
737 3891 768 3945 et
797 3887 1009 3968 Chrysogonus
1039 3906 1095 3969 pro
1124 3907 1214 3952 servo
1244 3888 1320 3952 Mal-

185 3969 255 4032 leoli
276 3969 437 4032 bahendus.
634 4041 636 4044 ,
1301 4014 1304 4021 -

235 4054 377 4133 sitaque
405 4055 556 4118 codicibus
583 4056 666 4119 fides
688 4055 821 4123 habenda
851 4067 896 4121 est
917 4061 946 4121 in
978 4060 1140 4124 Ciceronis
1160 4069 1234 4124 orat.
1264 4079 1319 4142 pro

184 4139 274 4202 Rosc.
298 4139 377 4200 Com.
402 4138 431 4217 3,
455 4139 482 4201 8.
529 4143 594 4214 Quo
617 4143 684 4205 loco
708 4143 834 4207 Fannius
863 4147 1018 4225 pecuniam
1045 4147 1116 4228 petit
1147 4166 1186 4208 ex
1208 4147 1320 4209 adver-

185 4225 281 4298 sariis,
304 4225 436 4303 quamvis
458 4225 614 4288 triennium
637 4229 759 4310 amplius
775 4231 804 4292 io
821 4230 997 4296 adversariis
1019 4249 1125 4294 nomen
1144 4227 1243 4315 jaceat
1259 4235 1320 4295 ita·

185 4327 245 4393 qne
266 4309 295 4372 in
319 4307 451 4374 codicem
472 4311 522 4376 ille
545 4315 764 4396 transcripsisse
791 4324 878 4399 alque
902 4337 919 4380 e
942 4316 1046 4380 codice
1067 4325 1172 4399 petere
1201 4319 1323 4382 debeat:
