2866 5008
469 1133 887 1242 supplementum.
931 1127 933 1134 ’

601 1339 753 1348 --σι--

432 1451 461 1511 n.
482 1444 529 1502 33.
572 1445 615 1504 De
637 1446 809 1521 arqentnrr'r's
830 1445 925 1502 sociis.

196 1598 376 1679 Quamquam
398 1615 503 1662 causas
526 1615 615 1679 supra
637 1597 730 1677 attuli,
751 1596 789 1658 de
810 1596 918 1678 quibus
940 1595 969 1659 in
990 1593 1125 1658 arcariis
1144 1597 1244 1660 uomi-

111 1683 197 1749 nibus
225 1702 281 1764 per
306 1685 492 1768 argentarios
521 1682 714 1748 contrahendi
743 1682 976 1763 restituendique
1004 1699 1069 1746 mos
1090 1681 1246 1748 invaluerit

111 1779 140 1836 et
162 1769 339 1835 domesticos
361 1769 481 1838 codices
503 1770 532 1833 in
555 1769 777 1836 desuetudinem
793 1770 958 1834 vocaverit:
981 1774 1076 1833 tamen
1098 1768 1136 1834 de
1150 1777 1243 1832 tron-

109 1857 274 1937 scripliciis
296 1857 382 1920 eliam
404 1857 568 1921 nominibus
590 1857 667 1922 idem
688 1855 808 1938 probaui
830 1861 944 1936 polest,
975 1872 1064 1937 quum
1086 1855 1246 1920 societates

109 1945 186 2008 inter
207 1944 393 2024 argentarios
415 1942 541 2007 diversis
562 1944 689 2006 maxime
710 1941 784 2006 locis
800 1940 962 2006 habitantes
976 1943 1129 2006 inirentur.
1163 1941 1247 2016 Onne

109 2032 166 2114 jam
189 2029 341 2094 Ciceronis
364 2025 488 2111 (auctor
503 2029 546 2092 ad
562 2030 743 2093 Herennium
763 2027 795 2106 ΙΙ,
821 2027 871 2107 13,
895 2024 955 2111 19)
971 2036 1105 2110 tempore
1126 2028 1156 2092 in
1179 2035 1247 2090 tan-

109 2123 170 2178 tum
192 2133 278 2179 usum
301 2115 450 2196 publicum
473 2119 639 2200 tantamque
661 2114 748 2176 tidem
771 2119 922 2192 venerant,
945 2121 977 2176 ut
995 2112 1131 2177 novando
1146 2115 1247 2178 socius

110 2201 297 2286 argentarius
326 2201 439 2263 socium
469 2201 678 2282 obstringeret.
724 2196 810 2271 Quod
832 2198 901 2261 ideo
930 2197 1048 2262 videtur
1075 2199 1245 2276 invaluisse,

109 2306 149 2350 ne
170 2289 290 2351 novatio
306 2286 388 2350 elteri
408 2285 591 2350 contrahenti
607 2285 692 2366 plane
707 2284 816 2348 inutilis
831 2285 878 2348 sit.
911 2283 1015 2348 Socios
1030 2285 1118 2366 igitur
1133 2304 1247 2368 argen-

109 2374 202 2438 tarius
224 2372 360 2436 novando
389 2373 500 2435 socium
523 2371 684 2452 obligabat:
719 2388 779 2451 quo
802 2369 919 2450 quidem
936 2370 1007 2452 ,plus
1029 2370 1166 2434 ellectum
1189 2379 1247 2452 est,

110 2477 197 2539 quem
220 2477 274 2540 per
295 2458 425 2521 minores
443 2458 627 2540 argentarios
642 2459 673 2528 in
691 2455 755 2520 aliis
778 2455 851 2520 locis
866 2455 1014 2520 institutos
1029 2463 1144 2538 poteret
1158 2456 1246 2521 ellici

110 2547 166 2610 Per
187 2544 244 2608 hos
264 2546 342 2606 enim
365 2551 423 2606 tam
452 2544 616 2608 solutiones
645 2543 708 2606 lieri
738 2559 823 2623 quam
845 2543 881 2605 iis
903 2550 987 2608 recte
1015 2543 1092 2606 solvi
1113 2551 1247 2624 poteret:

110 2631 182 2714 ipsis
204 2637 301 2694 nmen
322 2630 449 2694 novandi
471 2631 587 2692 minime
609 2628 733 2694 facultas
754 2636 828 2707 erat,
850 2629 976 2695 mamma
998 2647 1086 2712 quum
1108 2630 1138 2694 in
1160 2632 1247 2712 pejus
1266 2698 1269 2705 ,

110 2718 279 2798 argentario
301 2716 471 2779 notabatur.
516 2715 602 2791 Quod
623 2717 717 2797 ipsum
745 2715 894 2778 inservis
922 2733 1043 2780 mensae
1071 2716 1247 2798 praepositis

111 2803 331 2868 irretitoribusve
353 2803 588 2886 argentariorum
606 2803 681 2884 Jnris
704 2807 777 2862 erat.
908 2815 910 2820 ·

196 2888 401 2969 stabulantes
422 2887 539 2967 quidem
561 2889 633 2966 juris
651 2886 774 2949 Romani
790 2891 837 2948 est
851 2886 988 2951 novando
1003 2887 1116 2952 socium
1131 2895 1246 2970 argeti·

112 2974 216 3038 terium
239 2991 256 3035 a
278 2972 364 3036 socio
386 2973 531 3051 obstringi
551 2971 821 3052 obligationemque
848 2971 935 3053 plane
961 2973 1092 3039 interire.
1137 2975 1248 3038 Temen

114 3079 202 3142 quum
221 3061 290 3142 jure
312 3057 536 3120 consoctndinia
557 3055 683 3138 [auctor
704 3056 741 3119 ed
764 3056 832 3120 Her.
856 3057 875 3120 l.
898 3054 945 3140 c.)
968 3057 1084 3126 inducta
1105 3059 1161 3136 sit,
1183 3061 1247 3123 cius

113 3146 226 3209 fontem
248 3145 276 3206 in
299 3145 365 3225 ipso
389 3143 626 3224 argentariorum
650 3160 705 3205 usu
728 3142 848 3224 publico
862 3142 1066 3222 quaerendum
1089 3162 1159 3208 esse
1182 3152 1253 3226 puto

114 3230 282 3314 Argentarii
304 3229 392 3308 enim,
414 3245 472 3310 quo
495 3230 589 3310 magis
604 3228 725 3310 negotia
740 3229 837 3291 omnia
858 3247 914 3311 per
931 3229 1014 3310 ipsos
1026 3229 1141 3308 fierent,
1163 3246 1247 3294 surn-

114 3335 191 3380 mam
214 3316 280 3401 sibi
298 3315 422 3378 invicem
451 3313 538 3378 fidem
567 3313 728 3390 habebant3
758 3314 857 3393 itaque
878 3315 907 3376 in
929 3316 1088 3380 societates
1109 3334 1143 3380 se
1172 3335 1251 3382 corr·-¹

115 3402 252 3466 lerebont
272 3407 303 3464 et
324 3401 410 3482 quasi
424 3401 588 3465 eorrealem
607 3417 724 3464 omnem
740 3399 949 3481 obligationem
963 3400 1100 3478 futuram,
1120 3401 1157 3468 nb
1178 3402 1250 3485 ipsis

115 3487 234 3551 nomine
255 3487 405 3550 societatis
428 3494 618 3563 contractam,
640 3488 817 3551 statuebant.
857 3486 902 3551 Eo
924 3487 1012 3569 igitur
1033 3487 1169 3554 condicio
1190 3507 1251 3553 eo-

115 3591 197 3652 rum,
227 3573 280 3653 qui
301 3589 368 3636 cum
388 3572 444 3634 illis
466 3570 693 3650 contrahebant,
722 3572 827 3656 melior
853 3578 918 3636 erat
939 3591 1027 3655 quam
1049 3593 1171 3656 eorum,
1199 3575 1251 3659 qui

115 3677 184 3723 cum
205 3658 294 3722 sociis
318 3673 374 3719 nec
395 3659 570 3738 argentariis
592 3658 712 3740 negotia
733 3658 860 3722 inibant:
883 3659 965 3741 quod
986 3663 1172 3743 argentarios
1193 3679 1251 3726 so-

115 3745 178 3808 cius
198 3749 286 3824 pacto
308 3743 458 3806 societatis
487 3743 645 3807 obstrictus
672 3749 739 3807 erat
760 3743 798 3808 od
826 3745 1060 3827 comprobandas
1089 3746 1251 3828 obligatio·

115 3847 184 3895 nom
207 3829 382 3894 mutationes
403 3847 420 3890 a
442 3829 527 3894 socio
548 3829 649 3894 factas
692 3828 729 3892 Et
750 3829 832 3912 quod
853 3847 997 3910 expresse
1026 3831 1250 3911 paciscebantur

115 3916 215 3994 initio,
244 3915 274 3977 id
297 3914 437 3995 temporis
463 3913 591 3978 decursu
620 3916 707 3980 tacita
735 3915 841 3996 reone
869 3933 938 3978 esse
959 3915 1130 3996 incipiebat:
1151 3917 1251 3998 itaque

116 4007 237 4082 praetor
258 4000 369 4065 socium
391 4001 590 4082 argentarium
612 4018 650 4065 en
663 4001 729 4081 ipso
744 3998 824 4081 quod
839 4000 1035 4066 coniurasset
1049 4003 1144 4066 teneri
1158 4019 1252 4085 pree

117 4087 269 4166 sumebat,
296 4086 353 4150 nisi
382 4086 561 4150 contrarium
589 4086 667 4152 inter
688 4101 723 4150 se
744 4084 915 4150 statuissent
936 4094 967 4152 et
988 4087 1105 4169 publice
1134 4106 1251 4172 propo·

117 4173 257 4237 consent.

203 4256 361 4322 lluebelius
384 4255 502 4338 qruidem
524 4257 555 4319 in
576 4256 646 4320 diss.
661 4257 758 4340 inaug.
779 4273 869 4337 „reus
884 4257 1042 4341 stiprdendi
1058 4259 1137 4326 etc.“
1170 4261 1250 4343 lips.

25 4407 29 4425 ,
119 4341 204 4408 teto
224 4345 255 4408 in
276 4342 309 4410 4
334 4342 463 4412 nouandi
487 4343 537 4426 ius
564 4342 725 4427 argentarii
750 4343 825 4410 socii
851 4361 892 4410 ex
917 4345 1024 4430 regula
1048 4345 1097 4414 illa
1120 4346 1251 4416 derivate
