2866 5008
573 968 701 1050 GAP.
731 968 792 1048 VL
863 1042 864 1048 ,
966 953 969 956 ’
1185 1021 1189 1030 .
1242 1035 1249 1045 ,

229 1158 337 1246 Quae
362 1127 684 1251 negotialiteris
710 1155 895 1228 contrahi
921 1157 1142 1252 potuerint.
1243 1192 1249 1247 1

266 1457 293 1516 d·
315 1449 361 1508 22.
406 1446 451 1506 rin
473 1450 587 1507 donatio
609 1451 830 1524 repensitatione
847 1450 975 1524 perfecto
995 1447 1105 1520 snserit?
1130 1475 1134 1486 κ
1237 1430 1241 1464 ”

123 1627 125 1632 ·
200 1602 323 1665 Hessius
346 1602 462 1683 quidem
485 1621 525 1665 ex
543 1603 565 1666 l.
579 1603 632 1682 49,
647 1604 667 1666 2
690 1602 727 1664 de
749 1602 856 1686 pecul,
870 1602 889 1664 Ι.
907 1603 958 1679 22,
974 1600 995 1664 8
1016 1599 1192 1678 mandati-l.
1206 1599 1253 1663 26

114 1687 152 1750 de
174 1687 242 1750 don.
268 1689 393 1768 ,nudum
416 1691 558 1752 rationem
581 1707 640 1754 non
660 1689 760 1752 iacere
777 1689 901 1769 aliquem
918 1686 1098 1752 debitorem“
1123 1685 1253 1766 ideoque

116 1774 321 1854 „donationem
352 1775 584 1856 expensilatione
614 1795 673 1839 non
703 1775 834 1856 potuisse
863 1773 945 1836 freri“
976 1774 1102 1856 colligit:
1132 1771 1185 1835 scd
1213 1771 1253 1834 de

113 1861 243 1921 indebito
269 1858 305 1943 (l.
329 1861 381 1940 25,
402 1860 423 1923 4
445 1861 483 1923 de
505 1863 589 1944 prob.
612 1868 643 1924 et
664 1858 780 1943 praes.)
805 1862 832 1922 iu
855 1861 1029 1942 scripturam
1052 1858 1174 1922 redacto
1192 1857 1255 1921 loci

116 1945 160 2007 illi
179 1947 360 2026 loquuntur,
390 1953 419 2008 et
442 1955 556 2010 certum
576 1956 639 2026 est,
670 1947 856 2010 donationem
879 1954 1031 2009 contractu
1054 1945 1130 2008 civili
1154 1961 1253 2027 eoque

7 2071 8 2100 r
113 2031 242 2110 lomnali,
266 2031 354 2094 veluti
377 2033 580 2113 stipulatione,
603 2033 775 2114 perfectam,
798 2033 927 2094 debitum
949 2030 1101 2107 effecisse;
1125 2049 1191 2094 num
1213 2029 1251 2092 do

113 2117 181 2200 lage
203 2118 303 2180 Cincin
327 2117 395 2180 nibil
418 2120 474 2180 boc
497 2119 563 2182 loco
586 2119 757 2197 dicendum,
789 2117 878 2198 quum
907 2125 1008 2182 contra
1038 2117 1157 2198 regulas
1174 2116 1252 2199 juris
1340 2124 1343 2136 ’

7 2219 8 2290 3
113 2202 287 2265 donationes
309 2205 514 2266 coarctaverit.
558 2204 617 2266 Sed
637 2207 723 2266 etiam
739 2204 934 2284 expensilatic
954 2204 1040 2266 civile
1060 2200 1250 2266 contrahendi

7 2293 8 2316 ³
112 2305 208 2366 genus
231 2295 385 2368 cratone
408 2290 557 2370 negotium
580 2289 796 2372 perficiebatur,
819 2289 907 2351 modo
922 2291 1000 2371 justa
1015 2303 1105 2350 causa
1120 2288 1250 2351 suberat.

112 2374 235 2447 Qualem
254 2393 385 2436 causam
416 2375 601 2436 donationem
630 2375 738 2454 fuisse,
768 2391 803 2436 aa
831 2374 868 2436 de
890 2375 1103 2457 retringitur
1123 2374 1155 2438 in
1177 2379 1250 2454 syst.

7 2417 9 2515 l
110 2457 206 2526 Pand..
224 2459 369 2542 legendus
391 2467 445 2522 est.
475 2459 619 2544 Legitima
642 2462 717 2522 enim
741 2461 874 2523 accessio
898 2459 1016 2523 donatio
1039 2466 1087 2522 cst
1108 2466 1138 2521 et
1160 2455 1250 2522 ordi-

8 2551 9 2584 ³
110 2547 205 2608 acrio
234 2547 369 2626 pecunia,
399 2563 458 2608 non
487 2546 727 2610 extraordinaria.
772 2546 802 2608 ln
830 2547 944 2609 tabulas
966 2546 1055 2629 igitur
1075 2545 1251 2609 domesticas

107 2631 219 2695 referri
242 2631 385 2694 debebat:
416 2650 508 2713 quare
537 2641 608 2714 puto
638 2633 871 2713 expensilationc
898 2632 1004 2696 donum
1033 2633 1118 2695 etiam
1142 2631 1252 2711 acquiri

109 2717 254 2799 potuisse.
287 2716 334 2778 Cf:
346 2717 468 2781 Asconii
483 2720 600 2782 Pediani
616 2720 811 2782 definitionem
831 2719 1081 2782 extraordinariae
1097 2718 1249 2798 pecuniae

110 2804 212 2876 Quare
235 2803 440 2883 expensilatio,
464 2805 512 2866 tali
535 2825 624 2868 causa
648 2808 720 2882 nisa,
743 2807 860 2866 minime
881 2804 1157 2868 nudo'esta‘tlerto
1172 2805 1250 2866 sori-

109 2897 206 2971 ptura,
228 2898 287 2968 qua
310 2897 476 2952 contractus
498 2891 600 2970 per-lici
618 2890 712 2952 nullus
727 2897 852 2969 poterat,
875 2891 967 2952 veluti
981 2888 1189 2972 chirografum,
1211 2907 1249 2951 ne

110 2993 150 3037 ex
172 2975 255 3056 justa*
274 2974 393 3054 quidem
417 2991 505 3037 causa
529 2977 737 3057 obligationem
755 2975 920 3052 efficiebat;
944 2969 1002 3039 sed·
1020 2985 1089 3039 tunc
1111 2975 1207 3038 solum
1221 2974 1251 3036 in

105 3059 219 3141 judicio
242 3059 352 3139 aliquid
373 3060 523 3140 probabat,
539 3063 569 3122 si
592 3068 749 3122 contracto
764 3062 910 3124 nitebatur
925 3063 1055 3142 negotio.
1085 3061 1129 3121 lle
1146 3059 1249 3122 talibus

109 3151 207 3208 autem
230 3147 393 3226 scripturis,
417 3163 475 3208 non
500 3145 536 3206 dc
560 3146 807 3228 expensilatione,
830 3146 913 3209 locos
935 3147 999 3208 iilos
1022 3145 1189 3208 disserere:
1210 3161 1248 3207 eo

10 3223 12 3314 l
110 3239 226 3292 certnrn
243 3239 311 3310 cst,
343 3231 422 3312 quod
445 3229 561 3293 debitor
587 3232 761 3312 scripturam
783 3231 844 3293 illic
865 3231 1001 3311 conficit,
1030 3249 1089 3294 non
1111 3230 1197 3294 sicuti
1219 3229 1248 3293 in

110 3317 344 3399 expensilatione
367 3319 508 3380 creditor.
978 3339 981 3344 ·

198 3401 347 3464 Gneistius
368 3407 456 3486 etiam
479 3424 506 3485 p.
531 3403 593 3467 366
616 3410 676 3467 not.
701 3405 721 3465 5
744 3405 760 3466 Ι.
784 3403 825 3465 26
848 3405 895 3465 ait.
926 3403 1088 3466 secundum
1111 3402 1247 3466 Hassium
1296 3461 1299 3466 .

10 3519 12 3563 r
108 3486 233 3566 intelligi
254 3503 345 3570 posse
366 3491 513 3552 existimat
520 3510 530 3565 ;
552 3489 605 3553 scd
621 3489 746 3553 studium
762 3489 935 3552 refutandae
950 3491 1113 3554 sententiae
1127 3489 1165 3553 de
1181 3489 1251 3552 cbi·'r

11 3591 12 3630 r
108 3571 276 3654 rografario
305 3578 457 3637 contractu
489 3576 525 3636 ab
554 3576 616 3638 aliis
639 3583 766 3638 statutae
788 3577 873 3638 nimis
903 3577 960 3638 late
983 3594 1049 3638 cum
1072 3569 1248 3658 perduxisse

109 3665 240 3740 apparet.
269 3658 401 3738 Namque
424 3658 610 3722 donationem
634 3660 803 3744 chirografo
825 3679 971 3742 nunquam
995 3663 1155 3745 perfectam
1179 3675 1247 3724 esse

109 3745 216 3808 eflicit:
240 3745 324 3806 cuius
347 3745 391 3806 rei
413 3747 604 3826 probationes
627 3751 743 3827 passim,
766 3750 939 3829 praesertim
956 3750 983 3810 in
999 3748 1145 3810 Vaticanis
1161 3745 1247 3829 frug-

108 3833 225 3906 mentis,
248 3835 373 3894 exstant.

197 3915 303 3978 Nudae
325 3915 416 3998 igitur
437 3917 567 3981 rationes
590 3917 655 3981 iliae
685 3920 857 3998 ,cautiones
880 3918 1064 3996 debitorum,
1087 3913 1246 3980 indiscrete

108 4001 286 4082 loquentes‘
310 4010 394 4078 suni,
417 4019 476 4066 non
500 4003 595 4065 nudae
617 4003 731 4080 forent,
761 4005 786 4066 si
811 4021 934 4083 causas,
964 4021 1019 4084 pro
1042 4004 1146 4083 quibus
1169 4007 1246 4064 oon-

108 4089 245 4166 soriptae
257 4093 335 4164 sunt,
354 4086 521 4168 specialiter
539 4090 752 4170 explanarent}
772 4090 809 4152 cf.
825 4089 844 4152 Ι.
860 4091 901 4153 25
919 4092 967 4152 cii.
998 4090 1041 4150 lle
1056 4089 1142 4151 nudis
1157 4089 1246 4171 igitur

105 4171 376 4253 pollicitationibus
397 4175 451 4238 sub
473 4175 600 4258 imagine
623 4175 713 4238 orbiu
734 4175 793 4238 loci
820 4175 859 4238 illi
887 4176 1063 4256 loquantum
1094 4192 1150 4236 nec
1172 4173 1246 4239 tales

107 4258 334 4340 pollicitationes
356 4260 404 4324 vel
423 4259 627 4342 professiones
646 4259 723 4341 apud
739 4267 802 4324 acta
818 4270 987 4324 actorumve
1002 4261 1149 4324 defectum
1167 4280 1245 4326 con-

108 4351 219 4408 tractus
241 4345 442 4416 antecedentis
464 4353 611 4428 reparant,
635 4363 723 4428 quum
741 4348 827 4412 unica
849 4348 1004 4429 scriptura,
1026 4366 1102 4428 quae
1118 4353 1243 4413 contra-
