2866 5008
598 336 795 400 ...322

124 517 247 574 semum
266 497 387 586 bomiri,
407 499 440 570 at
458 505 490 570 iu
510 505 555 589 bis
578 507 694 588 quidem
716 525 778 573 non
798 507 940 576 sulficere
956 523 1035 590 eum,
1055 510 1109 576 sed
1122 509 1193 578 alias
1209 510 1259 576 in-

125 599 218 674 super
239 602 346 657 eorum
365 599 484 674 praeter
505 594 581 656 illam
604 597 808 676 proprietates·
823 613 892 660 esse
915 595 1096 662 demonstrat
1125 595 1260 682 (nuncu-

124 679 290 761 pationum,
312 681 539 760 scripturorum:
560 680 610 742 illa
631 685 799 744 contractus
822 683 993 761 verborum,
1016 685 1164 748 literarum
1186 685 1260 750 baeu

124 766 307 847 proprietas:
330 765 368 830 ci.
391 767 454 828 Vat.
477 766 581 848 iraprn.
604 768 634 844 §.
658 767 721 830 249
744 787 808 831 cum
832 776 890 832 not
914 767 1136 852 Buebboltuii}

210 851 373 916 Litterarum
388 851 478 933 igitur
491 852 631 933 obligatio
646 861 765 934 praeter
779 855 942 936 seripturae
957 857 1165 936 proprietatem
1181 873 1259 920 con-

124 951 243 1003 sensum
266 937 424 1022 flagitabar,
448 957 576 1020 eumque
598 940 847 1003 antecedentem
870 941 963 1003 lusus
985 943 1094 1007 etenim-
1116 941 1259 1008 debitoris

124 1041 288 1105 expensum
310 1023 409 1086 tatur
428 1021 505 1106 (Cio.
525 1033 581 1104 pto
597 1025 686 1088 Rosc.
706 1025 786 1102 dona.
806 1020 827 1103 l,
851 1023 902 1110 l),
922 1045 981 1090 non
1003 1028 1138 1090 sollennes?
1158 1046 1258 1108 nequo

124 1127 280 1190 capram,
303 1109 361 1172 sed
380 1111 466 1173 etism
489 1111 676 1173 concludenti
697 1119 728 1174 et
748 1113 903 1191 implicito,
925 1129 989 1175 neo
999 1115 1171 1193 proesentis
1188 1122 1259 1177 tan-

124 1202 184 1260 tum
205 1195 360 1275 debueris,-
379 1196 437 1264 saal
456 1197 543 1259 etiam
564 1197 705 1260 obsculis.
744 1198 896 1262 Consentit
918 1200 1013 1277 enim,
1036 1201 1102 1280 uui,
1125 1201 1259 1281 quamvis

123 1281 192 1344 nibil
213 1281 335 1360 jubeat,
365 1289 475 1346 certam
505 1301 646 1346 summam
677 1303 837 1364 expensam
866 1285 925 1348 sibi
951 1285 1025 1347 ferri
1044 1287 1153 1366 patitur
1176 1283 1258 1369 (ilai.

123 1367 202 1432 biars⁸
218 1366 409 1451 vttt,12,=2);
428 1369 531 1448 itaque·
550 1370 636 1432 etiarn
658 1371 694 1448 is,
717 1372 768 1434 oui
785 1373 840 1451 ipsi
859 1371 990 1434 creditor
1008 1389 1171 1452 expensum
1186 1372 1260 1434 ferri

123 1454 315 1532 nuntiaverit,
338 1455 399 1535 xnisi
428 1455 469 1518 sit
494 1457 558 1517 sire
580 1471 723 1536 praesens
746 1457 903 1520 oblocutus
924 1458 988 1520 sive
1004 1458 1118 1520 ‘obsum
1139 1458 1261 1520 ¹minime

123 1547 280 1621 acceptum
292 1540 440 1604 retulerit:
463 1541 528 1620 ipso
543 1541 659 1604 silentio
674 1543 793 1623 iactare
808 1543 923 1605 ridetur
938 1545 1116 1605 consentire.
1147 1543 1257 1608 iussos

122 1626 211 1708 igitur
232 1625 373 1705 definitiop
393 1644 478 1706 qoam
501 1627 642 1708 Ulpianus
664 1627 683 1689 l.
710 1629 725 1689 l
751 1628 830 1708 quod
846 1631 935 1711 jussu
954 1627 1018 1705 XV,
1040 1629 1063 1692 4
1084 1627 1176 1692 iosias
1197 1647 1258 1694 ex-

122 1711 251 1794 plicavit,
273 1714 383 1792 pariter
404 1714 434 1774 io
450 1711 794 1796 bterarumoblipatione
815 1715 937 1795 optinet,
959 1722 1089 1795 excepta
1106 1713 1171 1778 sola
1187 1715 1219 1793 5.
1236 1713 1257 1776 6

123 1797 191 1862 eod.
234 1798 308 1862 liam
330 1798 554 1861 esdbobitiouis
574 1801 605 1861 in
625 1800 681 1862 bac
703 1819 764 1862 raon
788 1808 835 1862 est
864 1799 967 1862 eadem
989 1800 1148 1863 auctoritas
1170 1817 1258 1880 quam

122 1884 160 1946 in
176 1883 354 1966 obligatione
376 1885 465 1964 patris
481 1885 602 1948 familias
617 1903 674 1966 per
685 1885 775 1948 lilium
788 1904 946 1950 servumve
959 1884 1047 1964 iacta,
1069 1898 1158 1966 uuum
1174 1893 1257 1950 actus

123 1969 270 2052 legitimos
293 1970 487 2051 expensilatio
509 1972 563 2047 sit,
593 1971 723 2052 ideoque
750 1991 785 2036 ea
808 1979 922 2035 tanturn¹
941 1971 1076 2035 condicio
1097 1973 1278 2043 illam-non,

125 2056 218 2134 vitiet,
240 2075 316 2137 quae
337 2057 526 2120 antecedenti·
541 2057 645 2121 debito
667 2059 751 2121 insit:
776 2076 862 2138 „uam
884 2061 922 2122 ita
945 2057 1060 2121 demum
1083 2059 1262 2140 erepettsila-¹

122 2142 202 2204 boue
224 2141 333 2223 aliquid
353 2143 525 2224 intelligitur
544 2161 614 2208 esce
635 2152 742 2222 actum,
765 2147 791 2208 si
813 2145 1000 2228 obligationis
1021 2143 1156 2212 condicio
1175 2145 1267 2208 exli-—

122 2227 224 2304 terit“;
253 2229 321 2310 Pap.
344 2230 362 2291 l.
387 2227 428 2290 77
458 2227 495 2292 de
520 2231 553 2292 il.
575 2229 602 2291 J·
645 2229 705 2294 Sed
734 2249 772 2294 ne
800 2231 876 2292 banc
895 2230 1023 2312 ,quidem
1053 2229 1264 2294 condicionem,

122 2313 257 2394 quamvis
284 2315 389 2376 licitam
417 2317 582 2394 expressis·
600 2317 700 2379 verbis
729 2315 813 2397 adjici
836 2317 1067 2395 permittebatur.
1110 2315 1257 2395 Papiniani

122 2405 221 2462 sulem
242 2399 339 2461 locum
361 2399 520 2480 Sarignius
541 2399 656 2478 pseu
679 2400 1006 2482 monograbae'oitatae
1028 2401 1179 2480 respicere
1199 2419 1257 2482 pa-

122 2503 186 2548 rum
208 2483 341 2562 videtur,
364 2484 534 2546 indistincte
555 2485 642 2546 etiam
665 2487 690 2547 si
713 2487 751 2548 ob
775 2504 893 2548 oausam
915 2486 1042 2547 futurem
1064 2486 1157 2548 literis
1178 2495 1257 2550 eoo-

121 2569 258 2632 trslutur
269 2585 413 2650 praeseus
429 2581 546 2650 suuper·
564 2571 796 2650 expensilatione
810 2571 941 2633 contrabi
956 2570 1084 2634 debitum
1099 2570 1256 2636 affirmans.

122 2655 367 2738 Duusguaudsst
388 2657 487 2737 potins
510 2674 528 2716 e
550 2653 626 2718 diota
647 2657 715 2738 lege
738 2655 853 2719 ridetur
876 2675 961 2734 esse,
991 2665 1088 2720 utrum
1112 2657 1256 2738 oblipatio

122 2740 293 2822 praecedat,
314 2743 362 2804 oui
385 2741 518 2806 condicio
541 2743 713 2823 suspensiva
727 2743 796 2804 insit
810 2741 1032 2822 quaenondum
1048 2743 1178 2805 extiterit
1184 2762 1194 2819 3
1216 2761 1255 2806 an

122 2826 203 2891 nulla
223 2827 394 2909 praecedat,
414 2828 469 2891 sed
489 2829 554 2909 ipsa
576 2847 680 2904 curua,
702 2828 741 2905 de
762 2846 822 2909 (pua
835 2846 999 2909 expensum
1017 2829 1108 2890 latum
1125 2829 1173 2907 sit,
1194 2846 1255 2909 po-

122 2920 186 2978 stea
215 2912 331 2978 demum
362 2913 497 2978 oriatur(
523 2911 574 2976 lllo
604 2915 681 2977 enim
704 2931 774 2978 casu
797 2915 910 2995 etipsa
932 2912 1256 2994 expensilatiooondi-

123 3001 239 3066 cionem
262 2999 365 3074 babet;
388 3000 443 3062 boc
465 3015 538 3061 vero
561 3017 636 3079 pura
657 3007 713 3076 est,
737 3000 869 3079 quamvis
889 2999 948 3062 doli
963 3000 1030 3062 meli
1045 3000 1181 3081 exceptio
1205 2993 1257 3082 (ut

122 3085 153 3147 in
175 3085 289 3148 formali
311 3079 486 3164 contractu)
507 3091 680 3164 opponetur,
702 3085 752 3148 ubi
767 3085 866 3148 lotura
880 3103 968 3162 causa
984 3085 1031 3147 illa
1046 3104 1106 3162 non
1122 3087 1255 3147 insecuta
1336 3092 1341 3101 ‘

122 3170 170 3234 sit.
212 3169 307 3250 Finge
330 3168 406 3231 dotis
429 3186 518 3231 eausa
540 3183 557 3230 a
580 3169 656 3230 Titio
677 3170 822 3230 Maeuium
852 3187 1015 3248 expensum
1040 3170 1121 3230 ferre
1146 3169 1256 3256 juberi,

122 3260 227 3338 poseo
249 3253 462 3318 matrimonium
484 3271 544 3317 non
566 3269 636 3316 esse
658 3260 854 3318 coutrautum:
877 3270 938 3316 non
959 3259 1024 3317 eret
1041 3252 1178 3316 condeio
1197 3272 1256 3316 ex*

121 3340 334 3423 paosilationis,
357 3359 448 3421 quom
469 3339 587 3402 omnino
609 3358 649 3401 ne
670 3340 788 3420 propria
808 3338 924 3420 quidem
940 3337 1074 3402 condicio
1089 3339 1257 3419 esset-sed

122 3424 1058 3593 nurrtuntnbraratramnum
1078 3424 1257 3592 estruit

234 3559 242 3592 ‚
583 3557 590 3573 ,
721 3559 729 3572 ,
1259 3555 1264 3562 .

122 3599 242 3662 muas
256 3617 324 3660 *non
339 3605 468 3676 prorsus,
495 3596 550 3661 sed
575 3614 647 3660 rore
669 3596 907 3660 condicionalem
927 3598 1061 3661 eontinet
1082 3597 1269 3678 expensio-.-

123 3683 250 3762 tionmu‚
278 3684 541 3766 puumuepotiarn
563 3681 738 3762 praecedat,
767 3682 846 3748 undo
867 3684 923 3746 sub
942 3683 1117 3746 condicione
1139 3683 1258 3746 demum

124 3769 247 3832 alterius
262 3771 314 3853 jus
335 3775 486 3848 nascetur,
506 3768 588 3832 euius
611 3769 796 3850 obligationis
818 3770 932 3832 ratione
948 3785 1110 3850 expensum
1124 3767 1207 3831 ferre
1219 3768 1256 3830 ab

124 3855 219 3920 attero
230 3855 338 3936 jussus
349 3855 400 3917 eit,-
418 3855 519 3935 ltaque
531 3855 658 3916 usuale
672 3855 722 3918 illo
733 3856 803 3935 'ip-so
818 3855 963 3918 contineri
978 3854 1093 3915 ridetur
1109 3853 1255 3930 exemplo.

209 3939 232 4002 li
254 3948 371 4018 tamem·
384 3940 436 4020 apsi
454 3942 541 4002 etiarn
563 3941 675 4020 absquo
697 3957 848 4004 consensu·
868 3939 961 4000 literis
978 3942 1165 4001 xcontractum
1188 3954 1257 4000 esso

125 4026 299 4105 existimant,
322 4025 576 4104 namatprtctum
597 4044 704 4089 nomen
726 4033 871 4103 tamquam
890 4023 1004 4086 unicam
1021 4022 1097 4085 illius
1116 4029 1256 4086 contrau-

123 4119 172 4178 tus
193 4113 322 4194 speciem
343 4129 504 4174 recensere
525 4113 638 4188 soleot;
668 4113 725 4175 boc
754 4117 852 4194 autem
872 4108 968 4190 ipsum
989 4108 1125 4171 coeundi
1146 4113 1256 4172 tanturn

124 4200 218 4280 pratia
246 4198 311 4260 lieri
338 4195 480 4279 potuisse.
525 4197 585 4262 Sed
612 4199 639 4262 si
666 4216 687 4259 c
716 4195 810 4258 reite
836 4212 1000 4274 personum
1021 4196 1085 4258 sine
1107 4211 1257 4258 consensu

125 4283 385 4347 transcriberetur:
407 4283 497 4348 invito
520 4281 653 4347 debitore
675 4283 768 4364 ipsam
791 4280 976 4364 obligationis
995 4297 1113 4344 oausam
1128 4281 1257 4344 creditor
1336 4327 1337 4330 ,

125 4375 267 4450 mutaret5
287 4368 377 4456 liuga,
399 4369 578 4454 emptionem
600 4367 796 4442 venditionem
817 4367 1035 4453 praecessisse:
1052 4366 1174 4520 ἷίξὺίιοπ
1186 4371 1265 4431 ante
